2507 3935
983 231 1382 286 ΘΕοΓοΝῙΑ.
1616 283 1620 290 ,
2069 230 2149 294 21.

223 397 560 476 Τάρταρον
603 397 941 478 ἠερόεντα,
987 403 1216 462 ποδῶν
1245 397 1283 447 '¹'
1313 397 1525 462 αἰπεῖά
1567 399 1631 461 τ’
1658 397 1778 478 ἰωὴ

227 481 506 546 ἀςπέτου
551 481 818 561 ἰωχμοῖο
864 482 1124 561 βολάων
1168 501 1237 544 τε
1283 481 1679 560 κρατεράων·

227 564 318 628 ὧς
361 563 464 644 ἄρ’
505 565 619 629 ἐπ’
661 564 962 643 ἀλλήλοις
1001 565 1180 629 ἵεςαν
1221 565 1416 643 βέλεα
1460 565 1821 630 ςτονόεντα.

225 651 417 727 φωνὴ
463 650 534 712 δ’
576 647 964 729 ἀμφοτέρων
1005 647 1170 712 ἵκετ’
1213 648 1497 726 οὐρανὸν
1530 647 1909 727 ἀςτερόεντα
2047 657 2152 710 085

228 732 660 810 κεκλομένων·
706 732 773 797 οἳ
815 735 887 797 δὲ
931 733 1185 798 ξύνιςαν
1227 733 1486 815 μεγάλῳ
1530 733 1848 814 ἀλαλητῷ.

353 900 498 964 οὐδ’
529 899 640 980 ἄρ’
670 899 762 964 ἔτι
790 900 954 965 Ζεὺς
981 899 1155 981 ἴςχεν
1187 899 1301 964 ἑὸν
1331 901 1553 979 μένος,
1600 899 1762 964 ἀλλά
1803 921 1882 964 νυ
1921 903 2039 963 τοῦ
2076 917 2150 976 γε

229 982 408 1062 εἶθαρ
453 986 565 1062 μὲν
604 986 829 1062 μένεος
873 986 1116 1062 πλῆντο
1163 985 1432 1063 φρένες,
1479 985 1550 1048 ἐκ
1592 984 1663 1047 δέ
1705 1003 1774 1048 τε
1816 987 2025 1047 πᾶςαν

225 1071 418 1146 φαῖνε
450 1067 616 1146 βίην·
648 1067 867 1146 ἄμυδις
897 1071 955 1131 δ’
979 1069 1080 1146 ἄρ’
1107 1068 1214 1131 ἀπ’
1239 1069 1525 1147 οὐρανοῦ
1556 1068 1654 1145 ἠδ’
1674 1067 1795 1132 ἀπ’
1825 1067 2151 1146 Ὀλύμπου

225 1152 604 1229 ἀςτράπτων
649 1153 882 1232 ἔςτειχε
926 1152 1333 1230 ςυνωχαδόν·
1380 1152 1441 1214 οἱ
1484 1153 1556 1215 δὲ
1596 1151 1898 1229 κεραυνοὶ
2049 1159 2154 1211 090

229 1231 408 1313 ἴκταρ
451 1234 579 1313 ἅμα
625 1240 858 1319 βροντῇ
902 1255 970 1298 τε
1013 1236 1114 1298 καὶ
1158 1234 1475 1318 ἀςτεροπῇ
1521 1236 1839 1299 ποτέοντο

224 1319 437 1397 χειρὸς
483 1318 614 1383 ἀπὸ
659 1322 976 1399 ςτιβαρῆς,
1020 1317 1196 1398 ἱερὴν
1241 1317 1460 1397 φλόγα
1502 1317 1956 1397 εἰλυφόωντες,

222 1402 526 1480 ταρφέες·
570 1402 731 1482 ἀμφὶ
775 1405 846 1467 δὲ
888 1405 1040 1479 γαῖα
1083 1402 1419 1482 φερέςβιος
1462 1402 1829 1482 ἐςμαράγιζε

220 1487 556 1564 καιομένη,
602 1487 752 1550 λάκε
797 1487 864 1548 δ’
895 1487 1054 1565 ἀμφὶ
1097 1487 1248 1564 πυρὶ
1292 1486 1508 1563 μεγάλ’
1552 1485 1824 1550 ἄςπετος
1866 1485 2003 1564 ὕλη.

356 1569 492 1635 ἔζεε
537 1571 608 1634 δὲ
649 1571 825 1647 χθὼν
870 1571 1040 1632 πᾶςα
1081 1571 1181 1632 καὶ
1224 1569 1557 1634 Ὠκεανοῖο
1600 1569 1832 1648 ῥέεθρα
2048 1578 2151 1630 095

218 1653 472 1717 πόντος
513 1654 580 1717 τ’
623 1652 998 1730 ἀτρύγετος·
1041 1653 1194 1716 τοὺς
1239 1655 1306 1715 δ’
1336 1651 1592 1731 ἄμφεπε
1634 1654 1865 1731 θερμὸς
1908 1652 2109 1732 ἀυτμὴ

220 1738 497 1813 Τιτῆνας
540 1736 866 1814 χθονίους·
915 1736 1082 1815 φλὸξ
1126 1737 1193 1800 δ’
1235 1735 1395 1814 ἠέρα
1438 1740 1581 1801 δῖαν
1623 1735 1843 1801 ἵκανεν

221 1819 531 1896 ἄςπετος,
578 1819 721 1883 ὄςςε
764 1821 836 1883 δ’
877 1819 1109 1898 ἄμερδε
1151 1821 1253 1883 καὶ
1296 1820 1572 1900 ἰφθίμων
1614 1841 1738 1900 περ
1781 1820 2026 1886 ἐόντων

223 1905 392 1983 αὐγὴ
437 1904 870 1983 μαρμαίρουςα
910 1907 1226 1983 κεραυνοῦ
1270 1925 1341 1970 τε
1382 1909 1692 1984 ςτεροπῆς
1736 1920 1822 1971 τε.

354 1992 560 2067 καῦμα
601 1991 672 2053 δὲ
702 1989 1030 2053 θεςπέςιον
1073 1987 1339 2067 κάτεχεν
1387 1988 1583 2053 Χάος·
1633 1989 1843 2053 εἴςατο
1886 1990 1953 2053 δ’
1995 1989 2156 2053 ἄντα

226 2074 651 2152 ὀφθαλμοῖςιν
695 2071 851 2136 ἰδεῖν
895 2074 1005 2149 ἠδ’
1042 2072 1264 2136 οὔαςιν
1308 2071 1500 2137 ὄςςαν
1545 2072 1810 2136 ἀκοῦςαι
2052 2082 2152 2133 701

227 2157 474 2233 αὕτως,
523 2155 613 2220 ὡς
657 2154 766 2219 ὅτε
810 2159 960 2231 γαΐα
1001 2157 1102 2219 καὶ
1147 2155 1423 2233 οὐρανὸς
1470 2155 1657 2234 εὐρὺς
1701 2155 1936 2234 ὕπερθε

225 2241 498 2305 πίλνατο
518 2262 532 2276 ·
578 2242 757 2303 τοῖος
797 2239 922 2318 γάρ
950 2238 985 2287 †
1014 2258 1084 2303 κε
1128 2239 1323 2316 μέγας
1353 2238 1387 2287 ‘¹‘
1418 2238 1547 2302 ὑπὸ
1592 2242 1837 2303 δοῦπος
1881 2238 2116 2319 ὀρώρει

225 2329 338 2401 τῆς
381 2326 495 2401 μὲν
539 2323 982 2402 ἐρειπομένης,
1025 2327 1143 2387 τοῦ
1189 2324 1257 2387 δ’
1302 2322 1552 2402 ὑψόθεν
1597 2323 2029 2402 ἐξεριπόντος·

225 2409 452 2472 τόςςος
495 2412 738 2471 δοῦπος
781 2407 1006 2482 ἔγεντο
1051 2411 1218 2471 θεῶν
1266 2406 1423 2485 ἔριδι
1465 2407 1835 2474 ξυνιόντων.
2054 2415 2155 2467 705

356 2493 470 2556 ςὺν
501 2493 568 2555 δ’
598 2490 823 2570 ἄνεμοι
851 2491 1064 2556 ἔνοςίν
1094 2512 1164 2556 τε
1191 2491 1371 2555 κόνιν
1402 2494 1471 2555 θ’
1500 2490 1682 2569 ἅμαί·
1702 2490 2155 2569 ἐςφαράγιζον,

231 2576 509 2655 βροντήν
551 2595 619 2639 τε
665 2576 978 2653 ςτεροπήν
1020 2596 1090 2639 τε
1134 2576 1234 2638 καὶ
1280 2574 1659 2639 αἰθαλόεντα
1700 2574 2050 2651 κεραυνόν,

228 2662 390 2737 κῆλα
432 2660 596 2723 Διὸς
637 2660 972 2738 μεγάλοιο,
1019 2659 1227 2737 φέρον
1272 2658 1339 2720 δ’
1370 2656 1553 2735 ἰαχήν
1594 2657 1659 2717 τ’
1688 2656 1933 2732 ἐνοπήν
1961 2674 2031 2719 τε

231 2742 296 2807 ἐς
341 2744 535 2822 μέςον
581 2742 999 2822 ἀμφοτέρων·
1045 2741 1279 2821 ὄτοβος
1324 2741 1393 2803 δ’
1438 2737 1723 2818 ἄπλητος
1770 2739 2005 2819 ὀρώρει

233 2828 613 2906 ςμερδαλέης
657 2827 903 2906 ἔριδος,
947 2825 1180 2905 κάρτος
1223 2826 1293 2889 δ’
1337 2823 1727 2905 ἀνεφαίνετο
1771 2823 1998 2902 ἔργων.
2058 2832 2161 2883 710

357 2910 604 2989 ἐκλίνθη
649 2913 720 2975 δὲ
763 2912 926 2989 μάχη
946 2930 960 2944 ·
1003 2911 1152 2989 πρὶν
1199 2910 1271 2973 δ’
1300 2909 1600 2986 ἀλλήλοις
1644 2908 1986 2987 ἐπέχοντες

231 2993 553 3073 ἐμμενέως
598 2995 916 3073 ἐμάχοντο
963 2995 1068 3058 διὰ
1109 2994 1419 3073 κρατερὰς
1461 2992 1734 3070 ύςμίνας.

361 3164 426 3229 οἳ
467 3164 534 3227 δ’
579 3162 693 3242 ἄρ’
734 3162 830 3227 ἐνὶ
871 3161 1174 3239 π’ρώτοιςι
1218 3159 1424 3237 μάχην
1468 3159 1751 3236 δριμεῖαν
1796 3156 2084 3232 ἔγειραν,

236 3246 470 3312 Κόττος
513 3267 582 3311 τε
629 3246 949 3324 Βριάρεώς
992 3264 1061 3309 τε
1108 3243 1308 3322 Γύγης
1349 3243 1411 3307 τ’
1456 3240 1655 3306 ἄατος
1697 3238 2041 3315 πολέμοιο·

363 3466 421 3505 ,v.
457 3452 572 3501 703.
611 3447 860 3512 μέγιςτος
895 3446 1106 3499 δοῦπος
1310 3462 1362 3497 v.
1398 3446 1512 3498 706.
1548 3440 1745 3510 κονίην
1778 3440 1841 3496 τ’
1874 3435 2171 3498 &00¹de-

229 3516 332 3571 ζον
487 3533 539 3568 v.
577 3518 694 3569 709.
731 3514 970 3577 κόναβος
1005 3514 1064 3565 δ’
1098 3510 1353 3577 ἄπλητος

2322 3391 2337 3423 d
