2507 3935
76 573 91 624 τοι
70 333 96 541 anm*
75 221 91 300 ro·
68 107 69 114 ⁴

173 455 186 466 0

53 1456 77 1709 ..¹

52 1745 64 2084 ἰ

978 941 1449 1020 ΗΣΙΟΔΟΤ

631 1089 800 1141 'rom
853 1091 1297 1145 AZKPAIOT
1350 1091 1806 1146 οΕοΓοΝῙΑ.

379 1389 706 1456 Μουςάων
749 1391 1213 1455 Ἑλικωνιάδων
1260 1388 1585 1469 ἀρχώμεθ’
1630 1386 1895 1462 ἀείδειν,

243 1471 314 1535 αἵ
355 1476 425 1538 θ’
469 1475 806 1540 Ἑλικῶνος
851 1473 1103 1552 ἔχουςιν
1150 1473 1307 1552 ὄρος
1350 1474 1511 1551 μέγα
1551 1492 1621 1537 τε
1663 1471 1892 1538 ζάθεόν
1935 1490 2037 1547 τε,

243 1556 346 1619 καί
391 1577 464 1620 τε
507 1559 651 1635 περὶ
692 1558 931 1635 κρήνην
974 1557 1211 1621 ἰοειδέα
1256 1555 1442 1619 πόςς’
1485 1556 1816 1620 ἁπαλοῖςιν

244 1637 595 1718 ὀρχεῦνται
638 1640 739 1702 καὶ
783 1640 1000 1718 βωμὸν
1049 1639 1402 1718 ἑριςθενέος
1449 1639 1849 1716 Κρονίωνος·

285 1805 297 1810 ’
373 1805 480 1871 καί
521 1827 591 1871 τε
637 1807 1046 1885 λοεςςάμεναι
1088 1808 1316 1886 τέρενα
1360 1806 1525 1885 χρόα
1566 1805 1930 1885 Περμηςοῑο
2139 1811 2181 1867 5

239 1889 280 1967 ἢ
327 1891 565 1954 Ἵππου
608 1891 840 1970 κρήνης
885 1892 924 1970 ἢ
969 1891 1266 1970 Ὀλμειοῦ
1309 1891 1563 1956 ζαθέοιο

243 1973 598 2058 ἀκροτάτῳ.
627 1976 913 2040 Ἑλικῶνι
957 1976 1198 2055 χοροὺς
1241 1975 1699 2052 ἐνεποιήςαντο

241 2059 489 2121 καλοὺς
531 2057 932 2137 ἱμερόεντας,
979 2058 1427 2137 ἐπερρώςαντο
1472 2059 1545 2122 δὲ
1586 2056 1823 2123 ποςςίν.

374 2224 562 2289 ἔνθεν
607 2223 1073 2303 ἀπορνύμεναι,
1118 2223 1578 2301 κεκαλυμμέναι
1619 2222 1758 2300 ἠέρι
1800 2223 2042 2306 πολλῇ,

240 2306 531 2386 ἐννύχιαι
573 2311 822 2386 ςτεῖχον
865 2307 1249 2386 περικαλλέα
1294 2305 1485 2371 ὄςςαν
1528 2306 1733 2371 ἱεῑςαι·
2110 2314 2180 2367 10

239 2472 549 2552 ύμνεῦςαι
591 2474 722 2538 Δία
763 2475 829 2539 τ’
863 2474 1153 2553 αἰγίοχον
1197 2476 1302 2539 καὶ
1342 2474 1613 2540 πότνιαν
1654 2476 1860 2552 Ἥρην

239 2557 556 2636 Ἀργείην,
600 2559 911 2637 χρυςέοιςι
951 2559 1235 2624 πεδίλοις
1280 2558 1677 2636 ἐμβεβαυῖαν,

240 2640 486 2718 κούρην
531 2640 596 2704 τ’
639 2640 950 2719 αἰγιόχόιο
995 2642 1159 2705 Διὸς
1201 2643 1571 2714 γλαυκῶπιν
1616 2639 1906 2717 Ἀθήνην,

242 2724 494 2803 Φοῖβόν
535 2724 602 2788 τ’
646 2724 1026 2789 Ἀπόλλωνα
1069 2724 1172 2787 καὶ
1211 2724 1505 2801 Ἄρτεμιν
1549 2723 1892 2803 ἰοχέαιραν,

245 2806 364 2884 ἠδὲ
407 2808 829 2873 Ποςειδάωνα
857 2806 894 2858 ἰ·
923 2808 1234 2887 γαιήοχον
1280 2807 1706 2885 ἑννοςίγαιον,
2112 2815 2173 2868 15

243 2892 347 2954 καὶ
393 2891 586 2969 Θέμιν
631 2890 878 2970 αἰδοίην
923 2891 1433 2972 ἑλικοβλέφαρόν
1477 2891 1545 2955 τ’
1588 2891 1992 2971 Ἀφροδίτην,

243 2974 456 3052 Ἥβην
499 2994 568 3039 τε
611 2977 1140 3055 χρυςοςτέφανον
1185 2976 1385 3053 καλήν
1429 2995 1498 3040 τε
1542 2976 1830 3053 Διώνην,

245 3055 383 3119 Ἠῶ
426 3058 493 3121 τ’
536 3058 788 3124 Ἠέλιόν
830 3080 899 3125 τε
943 3059 1141 3136 μέγαν
1188 3058 1484 3135 λαμπράν
1529 3079 1595 3123 τε
1640 3059 1941 3135 Εελήνην,

247 3138 436 3215 Λητώ
476 3141 543 3203 τ’
585 3140 869 3207 Ἰαπετόν
914 3162 981 3205 τε
1025 3140 1117 3205 ἰδὲ
1164 3141 1414 3219 Κρόνον
1460 3142 1919 3217 ἀγκυλομήτην,

248 3220 442 3287 Γαῖάν
485 3225 553 3286 τ’
594 3222 900 3292 Ὠκεανόν
945 3244 1013 3288 τε
1057 3224 1256 3302 μέγαν
1278 3252 1283 3257 ·
1302 3225 1401 3287 καὶ
1447 3225 1655 3288 Νύκτα
1698 3222 2022 3301 μέλαιναν,
2108 3229 2179 3281 20

244 3302 474 3369 ἄλλων
517 3307 582 3369 τ’
625 3306 966 3375 ἀθανάτων
1009 3306 1187 3387 ἱερὸν
1231 3307 1422 3383 γένος
1466 3306 1600 3372 αἰὲν
1645 3306 1909 3373 ἐόντων.

385 3504 439 3539 v.
477 3494 526 3540 5.
565 3490 871 3558 Τερμηςοῑο

315 3584 548 3621 annon.
1724 3554 1765 3620 3-
