2507 3935
336 169 423 234 42
1127 167 1467 219 ΗΣιοΔοτ

464 335 657 402 Ἀλλὰ
685 335 759 400 ςὺ
802 335 937 401 τῶν
981 334 1097 416 μὲν
1138 334 1409 412 πάμπαν
1438 333 1615 414 ἔεργ’
1646 332 2001 423 ἀεςίφρονα
2031 334 2267 416 θυμόν·

337 421 455 486 κὰδ
498 421 766 498 δύναμιν
809 420 878 482 δ’
905 417 1169 497 ἔρδειν
1211 417 1339 497 ἱέρ’
1368 418 1733 484 ἀθανάτοιςι
1774 416 2011 486 θεοῑςιν
2165 431 2266 484 336

341 503 556 580 ἁγνῶς
599 505 701 568 καὶ
740 506 1071 582 καθαρῶς,
1116 501 1221 566 ἐπι
1262 503 1331 566 δ’
1374 501 1582 578 ἀγλαὰ
1624 502 1813 581 μηρία
1852 505 2080 571 καίειν·

340 587 576 653 ἄλλοτε
621 590 693 652 δὲ
737 590 1018 670 ςπονδῇς
1063 586 1302 651 θυέεςςί
1344 606 1413 652 τε
1456 586 1835 662 ἱλάςκεςθαι,

339 673 496 750 ἠμὲν
540 671 648 736 ὅτ’
690 670 928 754 εὐνάζῃ
971 670 1072 735 καὶ
1115 668 1219 734 ὅτ’
1262 670 1346 736 ἂν
1388 670 1562 751 φάος
1603 670 1781 748 ἱερὸν
1822 670 2010 756 ἔλθῃ,

341 762 386 832 (-
435 755 527 821 ὥς
569 756 640 820 κέ
682 774 786 822 τοι
823 733 1016 821 ἵλαον
1060 754 1323 833 κραδίην
1366 755 1471 820 καὶ
1510 755 1710 832 θυμὸν
1756 753 2007 834 ἔχωςιν,
2166 766 2267 820 340

347 846 395 918 9
439 839 606 921 ὄφρ’
649 831 914 906 ἄλλων
959 837 1094 922 ὠνῆ
1139 841 1411 918 κλῆρον,
1456 839 1538 917 μὴ
1581 839 1698 905 τὸν
1739 838 1892 904 τεὸν
1935 839 2153 906 ἄλλος.

465 991 597 1058 Τὸν
643 989 1006 1070 φιλέοντ’
1048 989 1152 1052 ἐπὶ
1194 991 1424 1053 δαῖτα
1466 990 1715 1067 καλεῖν,
1757 991 1875 1056 τὸν
1920 992 1988 1054 δ’
2032 990 2263 1072 ἐχθρὸν

340 1159 458 1224 τὸν
500 1159 574 1224 δὲ
616 1158 877 1238 μάλιςτα
917 1157 1167 1232 καλεῖν,
1209 1154 1287 1220 ὃς
1327 1175 1419 1220 τις
1462 1039 1899 1234 ςέθέἒνωέγγύθι
1941 1157 2139 1225 ναίει·

348 1242 400 1308 εἰ
441 1241 565 1322 γάρ
606 1262 707 1308 τοι
749 1242 850 1306 καὶ
892 1241 1087 1320 χρῆμ’
1127 1240 1445 1320 ἐγκώμιον
1490 1239 1651 1306 ἄλλο
1697 1243 1987 1326 γένηται,

339 1325 700 1402 γείτονες
743 1325 1014 1391 ἄζωςτοι
1056 1322 1261 1402 ἔκιον,
1305 1323 1591 1391 ζώςαντο
1636 1326 1710 1391 δὲ
1752 1328 1923 1405 πηοί.
2169 1338 2265 1390 345

339 1476 532 1554 Πῆμα
572 1476 810 1542 κακὸς
851 1475 1169 1552 γείτων,
1201 1472 1397 1541 ὅςςον,
1423 1475 1492 1539 τ’
1520 1473 1813 1552 ἀγαθὸς
1856 1477 2003 1556 μέγ’
2030 1476 2264 1558 ὄνειαρ.

339 1625 614 1707 Ἔμμορέ
653 1645 756 1692 τοι
797 1628 1003 1706 τιμῆς,
1049 1625 1124 1692 ὅς
1164 1624 1234 1688 τ’
1278 1623 1513 1705 ἔμμορε
1552 1623 1919 1702 γείτονος
1962 1628 2262 1693 ἐςθλοῦ.

343 1777 508 1843 Οὐδ’
537 1777 618 1842 ἂν
663 1779 819 1857 βοῦς
863 1767 1184 1852 ἀπόλοιτ’,
1229 1771 1285 1839 εἰ
1325 1776 1412 1856 μὴ
1452 1777 1736 1853 γείτων
1777 1776 2013 1840 κακὸς
2056 1777 2172 1857 εἴη.

468 1899 552 1993 Εὖ
607 1929 721 2007 μὲν
777 1929 1128 2009 μετρεῑςθαι
1179 1929 1358 2009 παρὰ
1408 1927 1809 2007 γείτονος,
1864 1925 1939 1993 εὖ
1992 1928 2059 1994 δ’
2102 1927 2265 1996 ἀπο-

345 2096 524 2203 αὐτῷ
569 2102 662 2178 τῷ
705 2097 946 2181 μέτρῳ,
994 2098 1095 2162 καί
1138 2098 1370 2176 λώιον,
1412 2095 1483 2162 αἴ
1521 2017 1592 2161 κξ
1604 2016 1889 2201 οέίνηὲι,
2164 2107 2270 2161 350

347 2180 439 2246 ως
481 2182 560 2248 ἂν
604 2182 883 2261 χρηίζων
925 2182 1029 2247 καὶ
1069 2181 1138 2247 ἐς
1182 2180 1450 2262 ὕςτερον
1493 2179 1717 2261 ἄρκιον
1758 2180 1966 2265 εὕρῃς.

349 2331 456 2409 Μὴ
498 2331 690 2397 κακὰ
731 2331 1216 2410 κερδαίνειν·
1260 2332 1421 2397 κακὰ
1462 2332 1691 2410 κέρδεα
1732 2329 1823 2397 ἶς’
1864 2332 2057 2417 &met

353 2518 421 2529 —
469 2475 606 2544 Τὸν
647 2480 1044 2563 φιλέοντα
1087 2485 1373 2565 φιλεῖν
1414 2481 1529 2551 καὶ
1562 2484 1656 2567 τῷ
1684 2482 2038 2566 προσιόντι
2064 2499 2269 2565 προσ-

346 2684 429 2698 ——
473 2646 586 2713 καὶ
629 2648 916 2732 δόμεν,
961 2646 1038 2727 ὅς
1077 2670 1198 2717 κεν
1241 2649 1380 2735 δῷ,
1418 2648 1533 2715 καὶ
1562 2575 2083 2755 ῗέαἴῖόμεν,”
2041 2647 2117 2727 ὅς
2150 2672 2271 2715 κεν

1556 2731 1648 2816 μὴ
1708 2734 1837 2819 δῷ.

346 2920 432 2933 --
459 2881 696 2967 Δαίτῃ
725 2881 851 2965 μέν
877 2904 980 2959 τις
1007 2882 1339 2965 ἔδωκεν,
1370 2880 1639 2969 down
1670 2881 1736 2949 δ’
1760 2880 1849 2949 οὔ
1875 2906 1975 2961 τις
2004 2886 2270 2953 ἔδωκε.

350 3036 413 3099 Δ
429 3035 529 3100 ὼς
572 3032 807 3113 ἀγαθή,
837 3032 1089 3114 ἅρπαξ
1132 3035 1204 3103 δὲ
1237 3036 1423 3117 κακή,
1453 3034 1755 3103 θανάτοιο
1799 3035 2102 3115 δότειρα.
2176 3044 2275 3099 356

474 3186 592 3251 Oc
634 3187 750 3264 μὲν
787 3187 913 3266 γάρ
947 3206 1056 3253 κεν
1088 3186 1251 3266 ἀνὴρ
1282 3180 1548 3263 ἐθέλων,
1578 3185 1619 3250 ὅ
1646 3205 1721 3260 γε
1750 3186 1851 3251 καὶ
1878 3185 2039 3262 μέγα
2081 3185 2273 3270 δώῃ,

351 3267 552 3347 χαίρει
591 3276 685 3354 τῷ
730 3270 924 3354 δώρῳ
967 3272 1068 3335 καὶ
1111 3270 1408 3350 τέρπεται
1450 3268 1529 3335 ὃν
1572 3270 1734 3335 κατὰ
1774 3269 2002 3349 θυμόν·

487 3465 542 3499 v.
577 3456 694 3504 344.
731 3450 1008 3519 ἐγχώριον
1141 3470 1196 3509 ν’.
1231 3456 1351 3509 367.
1386 3453 1493 3509 κᾶν
1528 3453 1671 3522 μέγα
