2507 3935
368 199 452 268 16
1157 202 1496 257 H210A0‘r

367 367 432 432 οἵ
475 368 538 432 οἱ
581 367 1024 447 ἆπεμνήεαντο
1068 368 1251 449 χάριν
1298 370 1751 451 εὐεργεςιάων,

365 455 580 516 δῶκαν
625 455 698 517 δὲ
743 455 1016 532 βροντὴν
1060 455 1168 530 ἠδ’
1214 452 1591 518 αἰθαλόεντα
1631 454 1947 531 κεραυνὸν

361 536 463 598 καὶ
508 537 850 614 ςτεροπήν·
894 538 970 601 τὸ
1000 538 1148 615 πρὶν
1193 539 1267 619 δὲ
1310 538 1566 616 πελώρη
1604 537 1754 601 Γαῖα
1794 539 2102 604 κεκεύθει·
2184 549 2285 602 505

361 621 499 684 τοῖς
539 620 802 684 πίςυνος
847 622 1125 698 θνητοῖςι
1168 621 1270 685 καὶ
1312 619 1710 687 ἀθανάτοιςιν
1754 619 2022 686 ἀνάςςει.

487 787 726 864 κούρην
771 787 840 851 δ’
883 787 1160 851 Ἰαπετὸς
1203 789 1635 867 καλλίςφυρον
1680 787 2050 866 Ὠκεανίνην

359 867 634 945 ἠγιάγετο
684 870 1007 947 Κλυμένην
1053 872 1154 933 καὶ
1197 871 1359 949 ὁμὸν
1404 872 1594 948 λέχος
1638 871 2090 950 εἰςανέβαινεν·

359 953 400 1028 ἢ
446 952 517 1015 δέ
562 951 623 1016 οἱ
665 953 992 1016 ’Ἄτλαντα
1033 954 1525 1032 κρατερόφρονα
1565 955 1822 1029 γείνατο
1866 957 2093 1032 παῖδα,

358 1035 521 1098 τίκτε
565 1037 632 1099 δ’
675 1035 1116 1113 ὑπερκύδαντα
1160 1037 1506 1102 Μενοίτιον
1548 1037 1663 1115 ἠδὲ
1704 1038 2048 1117 Προμηθέα
2181 1045 2286 1100 510

357 1118 647 1183 ποικίλον
691 1118 1075 1198 αἰολόμητιν,
1121 1119 1512 1199 ἁμαρτίνοόν
1554 1123 1617 1184 τ’
1660 1121 2018 1200 Ἐπιμηθέα·

485 1203 562 1266 ὃς
606 1204 802 1269 κακὸν
847 1203 913 1270 ἐξ
957 1203 1156 1283 ἀρχῆς
1196 1205 1415 1279 γένετ’
1458 1205 1759 1283 ἀνδράςιν
1803 1203 2177 1287 ἀλφηςτῇςι·

357 1289 618 1362 πρῶτος
659 1287 782 1366 γάρ
827 1286 909 1363 ῥα
951 1288 1114 1350 Διὸς
1158 1289 1441 1365 πλαςτὴν
1487 1287 1794 1352 ὑπέδεκτο
1837 1292 2105 1361 γυναῖκα

359 1369 706 1447 παρθένον.
763 1368 1054 1448 ὑβριςτὴν
1100 1370 1171 1433 δὲ
1216 1369 1562 1435 Μενοίτιον
1608 1369 1897 1447 εὐρύοπα
1939 1370 2102 1432 Ζεὺς

357 1451 444 1514 εἰς
485 1452 744 1530 Ἔρεβος
787 1453 1152 1531 κατέπεμψε
1196 1453 1413 1556 βαλών
1460 1452 1764 1531 ψολόεντι
1807 1457 2098 1535 κεραυνῷ
2178 1461 2283 1514 515

357 1533 554 1600 εἵνεκ’
599 1534 970 1613 ἀταςθαλίης
1012 1556 1081 1600 τε
1123 1538 1226 1600 καὶ
1267 1536 1539 1614 ἠνορέης
1584 1536 1977 1615 ὑπερόπλου.

480 1619 711 1683 ’Άτλας
741 1620 798 1683 δ’
820 1619 1106 1698 οὐρανὸν
1138 1619 1333 1698 εὐρὺν
1366 1619 1497 1698 ἔχει
1524 1622 1828 1698 κρατερῆς
1852 1618 1969 1681 ὑπ’
1984 1617 2285 1698 ἀνάγκης,

356 1701 641 1778 πείραςιν
688 1703 759 1768 ἐν
799 1703 981 1781 γαίης
1025 1703 1285 1782 πρόπαρ
1329 1705 1711 1782 Ἐςπερίδών
1756 1702 2147 1781 λιγυφώνων

361 1785 630 1863 ἑςτηώς,
675 1789 923 1868 κεφαλῇ
968 1806 1038 1851 τε
1081 1787 1182 1850 καὶ
1225 1787 1569 1870 ἀκαμάτῃςι
1611 1787 1880 1866 χέρεςςι·

480 1869 714 1947 ταύτην
758 1869 880 1948 γάρ
928 1869 991 1933 οἱ
1031 1873 1261 1949 μοῖραν
1306 1849 1609 1934 ἐδάςέατο
1654 1870 1907 1948 μητίετα
1946 1867 2126 1932 Ζεύς.
2178 1877 2288 1929 520

355 1955 503 2031 δῆςε
544 1953 614 2017 δ’
656 1952 1111 2039 ἀλυκτοπέδῃςι
1152 1953 1502 2034 Προμηθέα
1544 1953 2061 2032 ποικιλόβουλον,

355 2041 601 2116 δεςμοῑς
645 2036 1005 2115 ἀργαλέοιςι
1047 2040 1237 2116 μέςον
1284 2040 1389 2104 διὰ
1430 2039 1601 2104 κίον’
1646 2038 1937 2102 ἐλάςςας·

481 2122 583 2185 καί
614 2121 676 2185 οἱ
706 2122 818 2185 ἐπ’
829 2121 1042 2187 αἰετὸν
1076 2122 1241 2201 ὦρςε
1268 2123 1694 2200 τανύπτερον,
1726 2121 1927 2201 αὐτὰρ
1958 2120 2087 2195 ὅγ’
2108 2118 2287 2199 ἧπαρ

355 2204 564 2283 ἤςθιεν
612 2205 963 2270 ἀθάνατον·
1006 2207 1083 2271 τὸ
1127 2207 1198 2269 δ’
1241 2205 1462 2272 ἀέξετο
1506 2206 1647 2271 ἷςον
1692 2205 1942 2289 ἁπάντῃ

353 2288 611 2363 νυκτός,
643 2288 796 2353 ὅςον
828 2288 1088 2366 πρόπαν
1119 2289 1287 2367 ἦμαρ
1318 2290 1452 2354 ἔδοι
1480 2290 1933 2365 τανυςίπτερος
1963 2286 2158 2365 ὄρνις.
2180 2297 2283 2348 525

479 2372 595 2437 τὸν
640 2373 753 2449 μὲν
799 2370 909 2451 ἄρ’
938 2371 1281 2449 Ἀλκμήνης
1321 2372 1755 2452 καλλιςφύρου
1800 2370 2058 2449 ἄλκιμος
2104 2370 2243 2435 υίὸς

353 2455 698 2534 Ἠρακλέης
743 2454 1004 2531 ἔκτεινε,
1049 2458 1245 2533 κακὴν
1290 2457 1360 2520 δ’
1402 2455 1531 2520 ἀπὸ
1577 2459 1815 2521 νοῦςον
1860 2452 2137 2519 ἄλαλκεν

353 2538 761 2644 Ἰαπετιονίδῃ
807 2541 907 2603 καὶ
950 2538 1216 2603 έλύςατο
1262 2539 1803 2618 δυςφροςυνάων,

491 2623 609 2686 οὐκ
653 2602 863 2701 ἀέκητι
905 2624 1119 2701 Ζηνὸς
1161 2624 1511 2702 Ὀλυμπίου
1556 2622 2019 2701 ὑψιμέδοντος,

357 2704 524 2784 ὄφρ’
566 2707 916 2783 Ἡρακλῆος
960 2707 1367 2786 Θηβαγενέος
1410 2708 1595 2771 κλέος
1639 2706 1733 2785 ειη
2180 2712 2287 2763 530

355 2791 580 2853 πλεῖον
626 2788 723 2853 ἔτ’
765 2790 805 2867 ἢ
847 2791 924 2854 τὸ
969 2790 1277 2869 πάροιθεν
1323 2791 1425 2854 ἐπὶ
1468 2790 1671 2868 χθόνα
1713 2787 2238 2867 πουλυβότειραν.

480 2870 666 2937 ταῦτ’
709 2872 898 2951 ἄραῶ
927 2872 1238 2952 ἁζόμενος
1279 2874 1425 2951 τίμα
1468 2872 1857 2953 ἀριδείκετον
1900 2871 2071 2935 υἱόν·

354 2956 456 3021 καί
499 2975 620 3035 περ
663 2956 994 3035 χωόμενος
1038 2957 1248 3037 παύθη
1294 2957 1531 3037 χόλου,
1578 2959 1657 3023 ὃν
1702 2958 1850 3034 πρὶν
1897 2954 2174 3034 ἔχεεκεν,

356 3040 579 3107 οὕνεκ’
625 3041 868 3149 ἐρίζετο
909 3042 1145 3121 βουλὰς
1190 3041 1529 3120 ὑπερμενέι
1574 3041 1904 3119 Κρονίωνι.

477 3126 579 3189 και
605 3127 731 3203 γὰρ
761 3124 838 3189 ὅτ
849 3126 1225 3204 ’ἐκρίνοντο
1256 3127 1392 3189 θεοὶ
1421 3124 1639 3203 θνητοί
1666 3146 1703 3187 τ
1714 3122 2097 3200 ’ἄνθρωποι
2178 3128 2281 3181 535

357 3208 670 3291 Μηκώνῃ,
713 3208 858 3273 τότ’
902 3208 1119 3273 ἔπειτα
1163 3209 1362 3287 μέγαν
1409 3212 1569 3311 βοῦν
1614 3207 1942 3287 πρόφρονι
1985 3211 2165 3289 θυμιμ

352 3258 738 3415 δαςςάμένος
781 3291 1101 3371 προῦθηκε
1145 3293 1308 3355 Διὸς
1350 3292 1513 3358 νόον
1562 3289 2033 3371 ἐξαπαφίςκων.

350 3404 463 3417 ιιι--

484 3488 539 3525 v.
575 3476 690 3527 521.
727 3474 894 3541 δῆςας
929 3474 1334 3543 ἀλυκτοπέδῃςι
