2507 3935
831 215 1022 267 EPPA
1058 215 1186 268 ΚΑΙ
1219 215 1527 272 HMEPAI.
2066 211 2153 280 33

228 381 460 461 χαίρεις
490 383 620 462 πῦρ
651 382 888 460 κλέψας
915 382 1017 448 καὶ
1045 383 1198 462 ἐμὰς
1227 383 1474 462 φρένας
1500 381 1977 462 ἠπεροπεύςας,
2084 389 2152 445 55

144 493 146 496 >
225 465 318 529 ςοι
361 467 428 530 δ’
469 466 644 550 αὐτῷ
689 467 846 544 μέγα
889 471 1064 547 πῆμα
1106 468 1207 531 καὶ
1251 466 1552 546 ἀνδράςιν
1598 467 1999 547 ἑςςομένοιςι.
2052 468 2058 473 ’

225 551 356 613 τοῖς
399 551 466 612 δ’
506 531 634 626 ἐγώ
681 550 818 616 ἀντὶ
861 552 1067 630 πυρὸς
1111 551 1301 616 δώςω
1343 550 1574 627 κακόν,
1622 552 1675 633 ᾧ
1720 570 1828 616 κεν
1873 549 2152 616 ἅπαντες

229 633 584 712 τέρπωνται
628 635 787 699 κατὰ
831 637 1032 713 θυμὸν
1078 635 1190 700 ἑὸν
1234 635 1433 701 κακὸν
1477 599 2011 714 ἀμφάγαπῶντες.
2024 657 2052 692 »

273 715 398 780 -ῶς
410 717 652 796 ἔφατ’·
699 718 768 783 ἐκ
809 720 877 784 δ’
906 719 1197 794 ἐγέλαςςε
1225 720 1435 798 πατὴρ
1480 717 1739 797 ἀνδρῶν
1768 738 1839 782 τε
1866 721 2036 783 θεῶν
2063 737 2150 782 τε.

304 792 658 879 Ἥφαιςτον
703 803 789 865 δ’
818 801 1105 868 ἑκέλευςε
1147 803 1531 881 περικλυτὸν
1575 801 1710 868 ὅττι
1751 801 2007 880 τάχιςτα
2082 809 2155 862 60

223 887 408 959 γαῖαν
454 884 588 949 ὕδει
635 885 897 965 φύρειν,
944 887 1016 952 ἐν
1061 887 1129 951 δ
1173 886 1524 966 ἀνθρώπου
1566 886 1756 966 θέμεν
1800 885 2001 963 αὐδὴν

223 969 319 1031 καὶ
363 968 614 1045 ςθένος,
658 969 1000 1036 ἀθανάταις
1044 972 1115 1035 δὲ
1158 973 1334 1036 θεαῖς
1377 969 1464 1036 εἰς
1508 969 1658 1035 ὦπα
1702 969 1923 1036 ἐίςκειν

223 1056 597 1131 παρθενικῆς
640 1055 841 1120 καλὸν
886 1053 1061 1120 εἶδος
1105 1055 1457 1134 ἐπήρατον·
1502 1053 1704 1133 αὐτὰρ
1747 1053 2017 1134 Ἀθήνην

225 1133 402 1214 ἔργα
419 1140 810 1216 διδαςκῆςαι,
852 1139 1330 1205 πολυδαίδαλον
1372 1137 1545 1204 ἱςτὸν
1590 1137 1915 1217 ὑφαίνειν,

225 1220 1996 1385 καίᾞὶοξὲῗωάξὲαἳέχέῗκὲῗῖἷῖῗκέἓξῗέἶιζῗεῖἰίδῗ
2082 1227 2150 1283 ⁶⁶

224 1385 293 1450 ἐν
335 1387 408 1452 δὲ
455 1389 656 1467 θέμεν
685 1388 918 1455 κύνεόν
960 1410 1030 1454 τε
1074 1389 1236 1456 νόον
1282 1390 1382 1455 καὶ
1426 1389 1779 1455 ἐπίκλοπον
1824 1387 1983 1466 ἦθος

221 1470 498 1551 Ἑρμείην
543 1473 759 1552 ἤνωγε
802 1473 1140 1553 διάκτορον
1183 1473 1664 1553 Ἀργειφόντην.

224 1552 311 1619 ὥς
356 1554 571 1634 ἔφαθ’·
618 1558 684 1620 οἳ
727 1557 790 1620 δ’
836 1557 1137 1623 ἐπίθοντο
1184 1558 1295 1622 Διὶ
1341 1557 1653 1635 Κρονίωνι
1694 1557 1931 1622 ἄνακτι.

303 1638 529 1703 αὐτίκα
571 1639 636 1703 δ’
651 1639 740 1704 ἐκ
780 1640 962 1718 γαίης
991 1641 1226 1705 πλάςςε
1256 1640 1485 1705 κλυτὸς
1514 1640 1914 1719 Ἀμφιγυήεις
2084 1645 2156 1704 70.

223 1723 527 1806 παρθένῳ
573 1722 778 1807 αἰδοίῃ
821 1722 1037 1791 ἴκελον
1087 1724 1407 1803 Κρονίδεω
1452 1724 1556 1788 διὰ
1602 1723 1869 1804 βουλάς·

225 1810 266 1882 G
337 1809 502 1872 ζῶςε
545 1808 616 1871 δὲ
658 1808 758 1872 καὶ
801 1807 1064 1888 κόςμηςε
1108 1809 1224 1873 θεὰ
1251 1811 1618 1884 γλαυκῶπις
1660 1806 1919 1886 Ἀθήνη·

226 1889 383 1971 ἀμφὶ
427 1890 499 1955 δέ
544 1890 605 1956 οἱ
647 1892 908 1970 Χάριτές
949 1913 1019 1957 τε
1057 1893 1192 1956 θεαὶ
1235 1894 1338 1958 καὶ
1378 1893 1611 1958 πότνια
1643 1891 1858 1956 Πειθὼ

225 1972 463 2053 ὅρμους
506 1975 833 2055 χρυςείους
872 1976 1098 2043 ἔθεςαν
1142 1978 1315 2057 χροῒ·
1361 1976 1521 2056 ἀμφὶ
1564 1978 1636 2041 δὲ
1677 1976 1793 2054 τήν
1836 1994 1911 2050 γε

229 2057 412 2137 Ωραι
457 2060 821 2138 καλλίκομοι
865 2061 1106 2141 ’ςτέφον
1150 2061 1419 2126 ἄνθεςιν
1443 2060 1780 2139 εἰαρινοῖςι.
2084 2066 2151 2121 '75

233 2147 276 2219 ο)
304 2143 519 2221 πάντα
560 2144 634 2207 δέ
679 2143 740 2209 οἱ
782 2143 930 2224 χροῒ
971 2144 1208 2223 κόςμον
1251 2143 1573 2223 ἐφήρμοςε
1598 2140 1865 2211 Παλλὰς
1906 2140 2150 2218 Ἀθήνη.

307 2214 378 2291 ἑν
424 2228 493 2291 δ’
523 2226 648 2307 ἄρα
688 2227 749 2291 οἱ
786 2228 1064 2307 ςτήθεςςι
1094 2226 1428 2307 διάκτορος
1469 2225 1927 2305 Ἀργεϊφόντης

229 2310 470 2389 ψεύδεά
513 2312 582 2375 θ’
612 2310 936 2391 αἱμυλίους
977 2332 1046 2377 τε
1089 2311 1327 2387 λόγους
1369 2310 1471 2376 καὶ
1514 2310 1868 2376 ἐπίκλοπον
1910 2307 2067 2387 ἦθος

229 2430 300 2441 -
348 2398 560 2474 τεῦξε,
605 2395 769 2462 Διὸς
801 2399 1058 2479 βουλῇςι
1088 2395 1533 2477 βαρυκτύπου·.
1566 2396 1636 2462 ἐν
1667 2396 1731 2460 δ’
1762 2392 1888 2473 ἄρα
1916 2393 2151 2472 φωνὴν

225 2481 371 2555 θῆκε
415 2482 584 2545 θεῶν
627 2484 850 2558 κῆρυξ,
898 2479 1178 2559 ὀνόμηνε
1221 2482 1293 2545 δὲ
1332 2481 1524 2558 τήνδε
1565 2482 1903 2555 γυναῖκα
2086 2485 2159 2537 80.

227 2561 628 2642 Πανδώρην,
673 2564 770 2628 ὅτι
813 2564 1056 2675 πάντες
1091 2565 1404 2643 Ὀλύμπια
1443 2564 1690 2641 δώματ’
1732 2561 1993 2638 ἔχοντες
2120 2600 2123 2603 -

224 2648 443 2725 δῶρον
487 2648 872 2726 έδώρηςαν,
891 2649 1056 2727 πῆμ’
1102 2646 1403 2726 ἀνδράςιν
1447 2646 1848 2728 ἀλφηςτῇςιν.

307 2729 511 2809 αὐτὰρ
552 2732 692 2796 ἐπεὶ
735 2730 934 2798 δόλον
978 2730 1171 2798 αἰπὺν
1214 2730 1545 2809 ἀμήχανον
1589 2706 2009 2803 ἐξετέλεςςεν,

223 2812 313 2878 εἰς
353 2815 689 2894 Ἐπιμηθέα
731 2816 938 2894 πέμπε
981 2817 1191 2919 πατὴρ
1221 2814 1453 2882 κλυτὸν
1494 2813 1950 2897 Ἀργεϊφόντην
2083 2818 2153 2873 84

223 2901 318 2961 δῶ
324 2918 444 2979 ρον
490 2898 733 2980 ἄγοντα
775 2903 976 2979 θεῶν,
1018 2900 1219 2978 ταχὺν
1247 2897 1560 2976 ἄγγελον·
1605 2897 1756 2963 οὐδ’
1784 2893 2153 2973 Ε’πιμηθεὺς

225 2981 568 3061 ἑφράςαθ’,
615 2982 705 3048 ὥς
750 2982 812 3049 οἱ
855 2984 1026 3049 ἔειπε
1068 2985 1479 3063 Προμηθεύς,
1524 2983 1604 3062 μή
1647 3002 1808 3047 ποτε
1852 2982 2119 3055 δῶρον

222 3067 517 3133 δέξαςθαι
559 3068 690 3146 πὰρ
732 3067 946 3145 Ζηνὸς
989 3066 1369 3144 Ὀλυμπίου,
1410 3067 1564 3129 ἀλλ’
1593 3065 1995 3141 ἀποπέμπειν

219 3148 534 3227 ἐξοπίςω,
578 3152 659 3230 μή
704 3152 833 3215 πού
877 3171 934 3215 τι
976 3150 1174 3214 κακὸν
1223 3151 1502 3226 θνητοῖςι
1539 3147 1812 3224 γένηται.
2107 3212 2112 3219 ,

222 3233 428 3315 αὐτὰρ
474 3234 513 3297 6
557 3235 930 3315 δεξάμενος,
977 3231 1086 3299 ὅτε
1128 3234 1206 3313 δὴ
1253 3232 1496 3298 κακὸν
1543 3228 1688 3309 εἶχ’,
1731 3228 1973 3307 ἑνόηςε.
2082 3264 2084 3267 <

362 3505 416 3541 v.
451 3490 533 3541 66.
571 3486 900 3552 γυιοβόρους
1385 3566 1388 3572 Ι

291 3588 522 3627 nemon.
1552 3623 1555 3624 γ
1711 3582 1745 3629 3
