2507 3935
840 232 1073 284 ΑΣΠῙΣ
1117 231 1598 283 ΗΡΑΚΔΕΟΤΣ.
2099 230 2180 296 67

252 400 320 464 οἳ
363 401 477 478 μὲν
523 397 636 478 ἄρ’
680 396 885 463 ἀίδιον
918 397 950 446 †
981 397 1136 476 ἔχον
1180 398 1421 463 πόνον·
1470 395 1622 462 οὐδέ
1664 398 1825 462 ποτέ
1869 417 1981 478 ςφι
2078 405 2181 458 310

251 483 394 561 νίκη
439 482 794 561 ἐπηνύςθη,
836 481 985 546 ἀλλ’
1031 479 1293 559 ἄκριτον
1339 479 1519 566 εἶχον
1564 481 1829 546 ἄεθλον·

253 569 412 630 τοῖςι
453 568 526 630 δὲ
567 569 670 630 καὶ
712 565 1054 644 προῦκειτο
1099 565 1296 642 μέγας
1339 565 1563 644 τρίπος
1606 565 1795 629 ἐντὸς
1837 565 2125 644 ἀγῶνος,

253 650 572 729 χρύςειος,
617 651 814 714 κλυτὰ
857 649 1014 727 ἔργα
1043 649 1444 728 περίφρονος
1485 649 1893 728 Ἣφαίςτοιο.

339 733 499 811 ἀμφὶ
542 735 608 796 δ’
650 733 792 796 ἴτυν
839 732 985 810 ῥέεν
1029 731 1335 798 Ὠκεανὸς
1376 733 1687 810 πλήθοντι
1729 733 1986 797 ἐοικώς·

252 819 385 882 πᾶν
430 818 502 882 δὲ
547 819 794 895 ςυνεῖχε
837 817 1026 880 ςάκος
1055 817 1565 881 πολυδαίδαλον·
1611 817 1677 880 οἳ
1705 818 1777 880 δὲ
1806 819 1951 881 κατ’
1982 816 2179 882 αὐτὸν

253 901 472 965 κύκνοι
515 898 882 978 ἀερςιπόται
926 899 1156 978 μεγάλ’
1199 900 1436 978 ἤπυον,
1481 898 1548 964 οἵ
1592 900 1672 979 ῥά
1700 921 1774 976 γε
1803 903 2041 966 πολλοὶ
2082 910 2183 962 316

251 989 460 1064 νῆχον
500 983 612 1048 ἐπ’
656 983 855 1062 ἄκρον
899 983 1104 1062 ὕδωρ·
1148 985 1282 1062 πὰρ
1325 985 1393 1047 δ’
1438 983 1649 1063 ἰχθύες
1694 985 2097 1051 ἐκλονέοντο.

337 1155 546 1230 θαῦμα
586 1152 744 1217 ἰδεῖν
785 1152 888 1216 καὶ
915 1151 1076 1230 Ζηνὶ
1121 1151 1667 1236 βαρυκτύπῳ,οὗ
1710 1155 1815 1217 διὰ
1860 1154 2098 1232 βουλὰς

253 1237 605 1316 ’Ἠφαιςτος
647 1235 870 1312 ποίηςε
914 1234 1104 1299 ςάκος
1146 1235 1305 1314 μέγα
1349 1256 1417 1301 τε
1463 1236 1755 1314 ςτιβαρόν
1798 1257 1899 1313 τε,

253 1318 607 1398 ἆρςάμενος
649 1319 982 1402 παλάμῃςι.
1070 1319 1144 1383 τό
1189 1321 1303 1397 μὲν
1345 1321 1533 1385 Διὸς
1552 1319 1813 1398 ἄλκιμος
1856 1319 1994 1384 υἱὸς
2076 1327 2183 1380 320
2253 1351 2267 1364 ·

250 1403 497 1468 πάλλεν
541 1382 954 1480 ἐπικρατέως·
1000 1403 1105 1467 ἐπὶ
1148 1403 1214 1465 δ’
1258 1402 1518 1467 ἱππείου
1560 1403 1713 1482 θόρε
1758 1403 2027 1483 δίφρου,

251 1485 495 1552 εἴκελος
540 1486 858 1569 ἀςτεροπῇ
903 1487 1147 1565 πατρὸς
1190 1487 1355 1551 Διὸς
1400 1487 1746 1566 αἰγιόχοιο,

247 1573 492 1651 κοῦφα,
513 1569 712 1648 βιβάς.
799 1576 889 1652 τῷ
934 1569 1001 1632 δ’
1043 1571 1312 1648 ἡνίοχος
1356 1571 1662 1648 κρατερὸς
1702 1570 1947 1634 Ἰόλαος

249 1653 490 1732 δίφρου
532 1653 939 1733 ἐπεμβεβαὼς
982 1652 1231 1718 ἰθύνετο
1276 1653 1610 1732 καμπύλον
1655 1652 1839 1732 ἅρμα.

335 1737 686 1817 ἀγχίμολον
731 1736 801 1800 δέ
847 1737 964 1816 (φ’
1005 1735 1157 1814 ἦλθε
1201 1737 1317 1802 θεὰ
1358 1739 1725 1813 γλαυκῶπις
1767 1737 2029 1816 Ἀθήνη,
2074 1747 2179 1800 325

247 1821 351 1886 καί
394 1841 596 1900 ςφεας
638 1819 1022 1898 θαρςύνους’
1067 1820 1226 1885 ἔπεα
1270 1821 1624 1900 πτερόεντα
1667 1822 2027 1901 προςηύδα·

237 1945 244 1949 -
335 1905 646 1985 «χαίρετε,
687 1905 975 1982 Λυγκῆος
1017 1905 1208 1983 γενεὴ
1250 1906 1704 1983 τηλεκλειτοῖο·

248 1994 368 2055 νῦν
414 1991 492 2068 δὴ
535 1989 702 2053 Ζεὺς
743 1989 975 2067 κράτος
1019 1988 1166 2066 ὔμμι
1209 1992 1377 2052 διδοῖ
1418 1990 1788 2069 μακάρεςςιν
1832 1990 2147 2067 ἀνάςςων,

252 2073 499 2138 Κύκνον
542 2074 608 2135 τ’
650 2073 974 2149 ἐξεναρεῖν
1017 2073 1118 2135 καὶ
1162 2072 1293 2136 ἀπὸ
1339 2076 1537 2137 κλυτὰ
1574 2074 1801 2152 τεύχεα
1846 2077 2040 2137 δῦςαι.

333 2156 496 2220 ἄλλο
542 2157 614 2219 δέ
658 2156 755 2219 ςοί
797 2175 854 2218 τι
899 2155 1057 2219 ἔπος
1087 2155 1281 2233 ἐρέω,
1326 2157 1485 2235 μέγα
1515 2158 1791 2236 φέρτατε
1820 2158 2029 2223 λαῶν·
2073 2166 2178 2219 330

249 2240 389 2304 εὖτ’
433 2240 513 2304 ἂν
559 2241 635 2317 δὴ
685 2239 932 2303 Κύκνον
975 2241 1285 2317 γλυκερῆς
1329 2239 1567 2304 αἰῶνος
1612 2239 1909 2323 ἀμέρςῃς,

248 2324 364 2388 τὸν
409 2326 523 2402 μὲν
556 2322 773 2391 ἔπειτ’
815 2322 1018 2387 αὐτοῦ
1063 2322 1304 2387 λιπέειν
1349 2324 1450 2387 καὶ
1492 2323 1720 2403 τεύχεα
1758 2327 1935 2401 τοῖο,

248 2406 442 2471 αὐτὸς
485 2408 556 2470 δὲ
600 2408 1022 2486 βροτολοιγὸν
1065 2407 1261 2485 Ἄρην
1308 2407 1569 2472 ἐπιόντα
1613 2352 1961 2485 δοκεύςας,.

249 2490 406 2555 ἔνθα
447 2510 518 2554 κε
559 2491 978 2569 γυμνωθέντα
1019 2491 1245 2555 ςάκευς
1289 2491 1418 2555 ὑπὸ
1463 2492 1827 2555 δαιδαλέοιο

249 2574 672 2654 ὀφθαλμοῖςιν
715 2574 890 2657 ἴδῃς,
935 2574 1076 2638 ἔνθ’
1119 2574 1421 2680 οὐτάμεν
1440 2572 1571 2641 ὀξέι
1612 2577 1859 2655 χαλκῳ·
2072 2584 2173 2639 335

247 2658 344 2735 ἂψ
390 2656 462 2719 δ’
503 2636 996 2735 άναχάςςαςθαι,
1042 2657 1180 2722 ἐπεὶ
1223 2658 1303 2722 οὔ
1347 2658 1427 2723 νύ
1469 2679 1570 2723 τοι
1614 2638 1860 2736 αἴςιμόν
1904 2658 2068 2725 ἐςτιν

247 2742 396 2807 οὔθ’
437 2738 679 2804 ἵππους
722 2740 920 2805 ἑλέειν
967 2706 1117 2805 ι’)ὔτε
1159 2744 1357 2806 κλυτὰ
1398 2743 1631 2820 τεύχεα
1673 2744 1864 2805 τοῖο.»

333 2820 425 2889 ὧς
470 2822 717 2889 εἰποῦς’
761 2824 828 2889 ἐς
872 2823 1107 2903 δίφρον
1153 2825 1421 2905 ἐβήςατο
1466 2830 1576 2891 δῖα
1615 2826 1850 2903 θεάων,

243 2908 424 2988 νίκην
470 2907 788 3011 ἀθανάτῃς
831 2909 1040 2988 χερςὶν
1083 2909 1186 2972 καὶ
1226 2910 1421 2974 κῦδος
1465 2910 1727 2990 ἔχουςα,

245 2992 617 3071 ἐςςυμένως.
701 2992 847 3057 τότε
891 2994 968 3070 δή
1015 2992 1098 3070 ῥα
1141 2994 1477 3072 διόγνητος
1520 2994 1764 3061 Ἰόλαος
2072 3006 2174 3059 340

247 3076 631 3155 ςμερδαλέον
671 3074 956 3141 ἵπποιςιν
1002 3076 1323 3140 ἐκέκλετο·
1366 3078 1469 3141 τοὶ
1507 3078 1575 3140 δ’
1618 3078 1737 3141 ὑπ’
1782 3078 2061 3159 ὀμοκλῆς

247 3158 433 3239 ῥίμφ’
473 3160 721 3245 ἔφερον
765 3159 924 3224 θοὸν
969 3157 1138 3238 ἅρμα
1180 3159 1509 3225 κονίοντες
1550 3162 1817 3225 πεδίοιο.

245 3243 318 3307 ἐν
361 3243 484 3321 γάρ
528 3262 676 3322 ςφιν
718 3243 912 3322 μένος
953 3242 1068 3321 ἧκε
1110 3243 1226 3309 θεὰ
1268 3240 1634 3320 γλαυκῶπις
1675 3246 1902 3325 Ἀθήνη

244 3326 437 3401 αἰγίδ’
483 3326 914 3391 ἀναςςείςαςα·
958 3327 1424 3406 περιςτενάχιζε
1468 3330 1540 3392 δὲ
1580 3332 1748 3403 γαῖα.

327 3411 427 3474 τοὶ
467 3410 536 3473 δ’
566 3408 786 3488 ἄμυδις
828 3411 1220 3489 προγένοντ’
1247 3409 1449 3476 ἴκελοι
1492 3413 1643 3490 πυρὶ
1684 3412 1758 3489 ἠὲ
1787 3413 2017 3493 θυέλλῃ
2062 3418 2166 3470 345

246 3493 488 3559 Κύκνος
531 3494 595 3557 θ’
637 3492 1004 3603 ἱππόδαμος
1045 3495 1146 3560 καὶ
1187 3494 1382 3574 ’Άρης
1426 3493 1741 3573 ἀκόρητος
1786 3494 1997 3567 ἀυτῆς.

1684 3594 1761 3643 5*
1820 3588 1841 3608 ‘
