2507 3935
334 181 420 249 52
1103 181 1439 234 ΗΣῙοΔοΤ

421 348 560 415 εὖτ’
604 350 683 416 ἂν
732 348 842 413 ἐπ’
873 343 1182 427 ἐμπορίην
1226 347 1471 426 τρέψας
1516 345 1870 427 ἀεςίφρονα
1911 345 2135 423 θυμόν,

337 433 596 510 βούλεαι
626 434 657 483 †
681 435 752 497 δὲ
795 433 951 512 χρέα
995 452 1063 496 τε
1107 435 1471 512 προφυγεῖν
1517 432 1618 494 καὶ
1671 431 1853 507 λιμὸν
1899 428 2177 509 ἀτερπῆ,

335 518 521 582 δείξω
566 518 643 595 δή
688 537 785 581 τοι
829 516 1025 595 μέτρα
1067 515 1577 596 πολυφλοίςβοιο·
1623 515 1932 591 θαλάςςης

337 601 490 665 οὔτε
525 622 583 665 τι
628 599 949 678 ναυτιλίης
993 598 1441 679 ςεςοφιςμένος
1488 598 1635 663 οὔτε
1680 620 1737 661 τι
1780 601 1980 676 νηῶν

421 721 507 730 -
528 685 608 748 οὐ
630 685 753 767 γάρ
778 684 884 748 πώ
915 704 1075 748 ποτε
1103 683 1208 761 νηί
1237 685 1295 758 γ’
1322 683 1626 747 ἐπέπλων
1648 681 1839 760 εὐρέα
1860 681 2136 760 πόντον,
2166 691 2263 743 650

339 805 420 816 -
451 769 504 833 εἰ
541 770 621 847 μή
666 769 732 833 ἐς
767 765 1046 847 Εὔβοιαν
1091 768 1158 834 ἐξ
1191 768 1495 842 Αὐλίδος,
1540 768 1579 852 ᾖ
1626 767 1783 830 ποτ
1826 766 2065 843 Ἀχαιοὶ

338 889 422 901 ·-
456 853 779 931 μείναντες
824 857 1104 930 χειμῶνα
1145 852 1356 916 πολὺν
1401 850 1514 915 ςὺν
1556 833 1721 914 λαὸν
1768 849 2030 927 ἄγειραν

337 973 421 984 --
449 937 750 1001 Ἑλλάδος
795 936 859 1002 ἐξ
901 935 1074 1014 ἱερῆς
1117 935 1355 1014 Τροίην
1390 935 1456 998 ἐς
1498 933 1962 1009 καλλιγύναικα.

341 1057 420 1067 —
450 1020 605 1084 ἔνθα
644 1021 712 1084 δ’
743 1020 912 1095 ἐγὼν
961 1019 1069 1083 ἐπ
1104 1018 1306 1084 ἄεθλα
1348 1019 1710 1099 δαΐφρονος
1755 1016 2261 1096 Ἀμφιδάμαντος

335 1141 422 1150 -
453 1103 728 1168 Χαλκίδα
755 1106 816 1166 τ’
842 1103 1234 1182 εἰςεπέρηςα·
1265 1103 1345 1167 τὰ
1373 1105 1446 1167 δὲ
1469 1103 2025 1182 προπεφραδμένα
2053 1101 2262 1165 πολλὰ

337 1225 423 1234 --
452 1186 598 1252 ἆθλ’
629 1187 851 1252 ἔθεςαν
896 1190 1117 1251 παῖδες
1161 1188 1615 1265 μεγαλήτορες·
1660 1185 1817 1251 ἔνθα
1850 1186 1926 1264 με’
1961 1205 2120 1266 φημι
2164 1194 2263 1245 656

337 1307 421 1317 —-—
451 1271 630 1354 ὕμνῳ
673 1272 1010 1349 νικήςαντα
1053 1272 1275 1351 φέρειν
1322 1271 1567 1349 τρίποδ’
1611 1269 1945 1335 ὠτώεντα·

335 1389 419 1401 —-
447 1357 564 1419 τὸν
608 1357 722 1432 μὲν
769 1355 895 1430 ἐγὼ
943 1355 1225 1418 Μούςαις
1276 1353 1771 1419 “Ελικωνιάδεςς’
1816 1351 2123 1431 ἀνέθηκα,

337 1475 421 1484 —-
452 1437 606 1503 ἔνθα
647 1459 722 1516 με
765 1439 842 1502 τὸ
886 1442 1150 1517 πρῶτον
1195 1441 1455 1518 λιγυρῆς
1497 1438 1811 1518 ἐπέβηςαν
1857 1436 2095 1514 ἀοιδῆς.

337 1559 421 1568 --
452 1522 679 1587 τόςςον
721 1541 823 1587 τοι
865 1526 1041 1601 νηῶν
1084 1542 1159 1597 γε
1201 1523 1580 1601 πεπείρημαι
1621 1521 2096 1601 πολυγόμφων·
2162 1529 2265 1582 660

340 1643 423 1652 --
453 1605 617 1670 ἀλλὰ
659 1607 760 1670 καὶ
805 1605 895 1670 ὧς
942 1606 1105 1685 ἐρέω
1149 1607 1363 1685 Ζηνὸς
1407 1607 1569 1672 νόον
1614 1604 1956 1684 αἰγιόχοιο·

343 1727 424 1737 -—
454 1691 703 1754 Μοῦςαι
744 1690 867 1768 γάρ
909 1691 983 1768 μ’
1014 1690 1307 1756 ἐδίδαξαν
1353 1690 1715 1770 ἀθέςφατον
1758 1691 1962 1768 ὕμνον
2007 1688 2257 1755 ἀείδειν.

419 1858 626 1936 ἤματα
670 1856 1070 1934 πεντήκοντα
1112 1857 1267 1935 μετὰ
1308 1858 1554 1937 τροπὰς
1597 1858 1837 1936 ἠελίοιο

341 1941 408 2007 ἐς
451 1941 642 2007 τέλος
685 1939 988 2006 ἐλθόντος
1032 1942 1289 2021 θέρεος,
1332 1944 1739 2022 καματώδεος
1786 1941 1988 2021 ὥρης,

339 2028 628 2106 ὡραῖος
672 2027 930 2091 πέλεται
958 2030 1212 2105 θνητοῖς
1256 2027 1539 2091 πλόος·
1587 2027 1735 2092 οὔτε
1778 2047 1849 2092 κε
1892 2030 2040 2105 νῆα
2163 2034 2262 2087 665
2372 2069 2377 2072 «

337 2111 709 2177 καυάξαις
755 2110 899 2174 οὔτ’
941 2110 1184 2189 ἄνδρας
1225 2110 1596 2191 ἀποφθίςειε
1639 2110 1945 2186 θάλαςςα,

337 2195 392 2257 εἰ
435 2195 511 2271 δὴ
557 2196 638 2274 μὴ
684 2194 1008 2275 πρόφρων
1049 2215 1123 2270 γε
1167 2195 1543 2261 Ποςειδάων
1590 2195 1941 2273 ἐνοςίχθων

336 2280 377 2355 ἢ
422 2278 588 2342 Ζεὺς
633 2277 974 2343 ἀθανάτων
1021 2281 1305 2357 βαςιλεὺς
1349 2279 1635 2363 ἐθέλῃςιν
1679 2278 1958 2343 ὀλέςςαι·

339 2362 410 2425 ἐν
455 2364 589 2425 τοῖς
631 2363 756 2439 γὰρ
798 2362 986 2425 τέλος
1033 2361 1194 2426 ἐςτὶν
1241 2362 1416 2440 ὁμῶς
1461 2342 1722 2439 ἀγαθῶν
1766 2384 1835 2426 τε
1877 2366 2094 2427 κακῶν
2137 2381 2235 2427 τε·

337 2448 533 2522 τῆμος
577 2445 644 2509 δ’
689 2444 1008 2524 εὐκρινέες
1052 2446 1114 2507 τ’
1143 2444 1332 2525 αὐραι
1377 2447 1479 2510 καὶ
1520 2447 1762 2512 πόντος
1806 2446 2096 2525 ἀπήμων.
2161 2454 2264 2505 670

337 2529 604 2607 εὔκηλος
647 2529 795 2594 τότε
837 2532 962 2606 νῆα
1003 2532 1161 2607 θοὴν
1209 2529 1489 2609 ἀνέμοιςι
1532 2533 1795 2610 πιθήςας

337 2613 595 2690 ἑλκέμεν
642 2613 706 2677 ἐς
750 2613 998 2679 πόντον
1044 2613 1354 2694 φόρτον
1398 2616 1466 2679 τ’
1496 2616 1563 2680 ἒς
1606 2616 1818 2680 πάντα
1858 2614 2221 2679 τίθεςθαι.

338 2696 628 2761 ςπεύδειν
673 2697 740 2760 δ’
784 2696 918 2761 ὅττι
953 2697 1209 2776 τάχιςτα
1253 2699 1445 2765 πάλιν
1493 2697 1749 2765 οἶκόνδε
1792 2700 2071 2775 νέεςθαι,

337 2782 492 2858 μηδὲ
535 2781 746 2858 μένειν
794 2780 979 2847 οἶνόν
1021 2801 1091 2846 τε
1133 2784 1291 2847 νέον
1334 2783 1438 2847 καὶ
1481 2782 1813 2862 ὀπωρινὸν
1860 2782 2105 2862 ὄμβρον

335 2865 436 2927 καὶ
479 2865 744 2941 χειμῶν’
789 2863 1054 2930 ἐπιόντα
1100 2866 1334 2930 Νότοιό
1376 2887 1443 2930 τε
1488 2868 1758 2932 δεινὰς
1803 2866 2079 2944 ἀήτας,
2160 2874 2263 2927 675

337 2948 411 3012 ὅς
453 2948 519 3012 τ’
565 2946 757 3026 ὤρινε
801 2948 1114 3013 θάλαςςαν
1163 2948 1517 3029 ὁμαρτήςας
1562 2951 1726 3015 Διὸς
1772 2950 2025 3032 ὄμβρῳ,

334 3033 564 3115 πολλῶ
610 3031 950 3139 ὀπωρινῷ,
993 3034 1281 3111 χαλεπόν
1326 3036 1398 3099 δέ
1440 3055 1509 3098 τε
1550 3034 1798 3103 πόντον
1845 3014 2089 3111 ἔθηκεν.

423 3095 620 3180 ἄλλος
664 3116 731 3179 δ’
776 3116 1051 3195 εἰαρινὸς
1095 3118 1353 3182 πέλεται
1396 3118 1600 3181 πλόος
1644 3117 2107 3197 ἀνθρώποιςιν·

323 3197 496 3274 ’ἦμος
540 3202 616 3278 δὴ
660 3199 738 3263 τὸ
781 3206 1078 3279 πρῶτον,
1126 3200 1281 3267 ὅςον
1324 3202 1387 3265 τ’
1431 3202 1694 3282 ἐπιβᾶςα
1737 3203 1994 3281 κορώνη

469 3414 521 3447 v.
546 3401 646 3450 646
664 3416 745 3464 sq.
782 3400 1076 3466 τρέψῃς-
1098 3401 1330 3466 βούληαι
1365 3401 1427 3453 δὲ
1462 3403 1598 3467 χρέα
1631 3418 1696 3458 τε
1732 3406 1935 3469 φυγεῖν
2072 3421 2123 3460 v.
2140 3408 2260 3457 647.

336 3460 584 3525 ἀτερπέα
619 3465 784 3528 λιμόν
919 3486 971 3523 v.
1007 3472 1124 3524 649.
1161 3468 1521 3535 ςεςοφιμένος

2446 3748 2457 3931 1
