2507 3935
333 219 426 284 ,60
1122 185 1459 276 ΗΣΙοΔοΤ

339 387 454 453 τὸν
499 387 571 451 δὲ
615 387 726 450 Διὶ
774 386 1119 464 Κρονίωνι,
1164 388 1334 450 θεῶν
1380 385 1717 464 ςημάντορι
1762 384 2043 451 πάντων.

423 554 542 619 Ὃς
574 554 676 617 καὶ
723 553 968 619 Κύκνον
1014 553 1299 632 ἔπεφνεν
1342 554 1713 632 Ἀρητιάδην
1756 553 2139 632 μεγάθυμον.

342 637 488 717 εὗρε
531 639 656 716 γὰρ
701 638 772 703 ἐν
818 639 1062 716 τεμένει
1108 637 1502 717 ἑκατηβόλου
1548 636 1961 702 Ἀπόλλωνος

343 723 544 787 αὐτὸν
589 723 690 786 καὶ
731 723 976 800 πατέρα
1021 721 1099 787 ὃν
1142 723 1363 801 Ἄρην,
1408 720 1565 786 ἆτον
1608 722 1953 799 πολέμοιο,

339 808 582 886 τεύχεςι
624 807 1074 884 λαμπομένους
1119 806 1303 870 ςέλας
1349 805 1438 868 ῶς
1482 806 1687 884 πυρὸς
1732 805 2134 884 αἰθομένοιο,
2198 813 2267 866 ου

342 890 601 955 ἑςταότ’
641 889 712 955 ἐν
758 889 998 974 δίφρῳ
1040 889 1243 967 χθόνα
1287 890 1357 952 δ’
1400 889 1677 954 ἔκτυπον
1722 889 1916 953 ὠκέες
1954 887 2145 953 ἵπποι

341 977 680 1039 νύςςοντες
723 975 970 1056 χηλῃςι,
1016 972 1191 1039 κόνις
1235 973 1309 1037 δέ
1352 973 1470 1052 ςφ
1512 973 1919 1054 ἀμφιδεδήει,

340 1058 702 1136 κοπτομένη
747 1060 1106 1121 πλεκτοῖςιν
1152 1057 1277 1137 ὐφ’
1322 1056 1546 1135 άρμαςι
1588 1059 1690 1120 καὶ
1731 1057 1917 1121 ποςὶν
1957 1055 2199 1122 ιππων.

339 1141 590 1246 ᾅρματα
633 1142 704 1206 δ’
749 1140 1058 1219 εὐποίητα
1101 1142 1204 1205 καὶ
1246 1141 1515 1216 ἄντυγες
1560 1141 2003 1221 ἀμφαράβιζον

339 1224 563 1291 ἵππων
605 1225 908 1305 ἱεμένων
952 1225 1265 1330 κεχάρητο
1311 1227 1383 1290 δὲ
1430 1225 1670 1290 Κύκνος
1715 1223 2001 1303 ἀμύμων,
2200 1233 2265 1286 65

341 1310 702 1389 ἐλπόμενος
745 1309 908 1373 Διὸς
953 1309 1094 1374 υἱὸν
1141 1308 1368 1387 ἀρήιον
1412 1309 1678 1388 ἡνίοχόν
1723 1329 1791 1373 τε

342 1395 557 1476 χαλκῷ
603 1393 871 1496 δῃώςειν
919 1394 1023 1456 και
1064 1391 1196 1457 ἀπὸ
1239 1393 1436 1457 κλυτὰ
1477 1393 1707 1470 τεύχεα
1749 1391 1979 1457 δύςειν.

426 1477 592 1541 ἀλλά
637 1477 698 1540 οἱ
741 1473 1084 1552 εὐχωλέων
1132 1475 1252 1540 οὐκ
1298 1476 1482 1541 ἔκλυε
1526 1476 1764 1555 Φοῖβος
1809 1477 2179 1542 Ἀπόλλων·

342 1559 536 1624 αὐτὸς
578 1562 702 1638 γάρ
749 1560 810 1624 οἱ
855 1561 1100 1663 ἑπῶρςε
1145 1559 1285 1640 βίην
1327 1560 1759 1639 Ἡρακληείην.

341 1649 474 1710 πᾶν
520 1647 587 1709 δ’
630 1645 823 1709 ἄλςος
866 1645 968 1708 καὶ
1011 1645 1222 1723 βωμὸς
1266 1645 1682 1709 Ἀπόλλωνος
1722 1645 2094 1719 Παγαςαίου
2202 1653 2269 1705 70

344 1731 591 1807 λάμπεν
637 1728 791 1792 ὑπαὶ
836 1731 1077 1793 δεινοιο
1124 1733 1280 1792 θεοῦ
1322 1729 1605 1806 τευχέων
1647 1749 1717 1792 τε
1761 1729 1859 1792 καὶ
1903 1729 2132 1792 αὐτοῦ·

341 1818 492 1975 {Qu
514 1810 1912 1999 δθνήιτῖ)ςόἙύθαῖλὲξὲνῗκτύᾒόχύιπὸερτιῗηθῆτιξὲιικεν
1958 1812 2182 1896 ἐκείνῳ

343 1983 516 2058 πλὴν
559 1981 914 2058 Ηρακλῆος
959 1980 1059 2043 καὶ
1101 1981 1448 2058 κυδαλίμου
1490 1978 1768 2054 Ἰολάου;

429 2064 662 2129 κείνων
706 2067 831 2142 γὰρ
876 2064 1113 2143 μεγάλη
1157 2084 1227 2129 τε
1276 2064 1403 2145 βίη,
1448 2066 1556 2129 και
1597 2084 1802 2142 χειρες
1844 2062 2081 2129 ἄαπτοι
2203 2072 2269 2125 75

345 2150 410 2215 ἑξ
455 2148 649 2227 ὤμων
695 2150 1024 2229 ἐπέφυκον
1069 2148 1172 2213 ἐπὶ
1215 2152 1554 2228 ςτιβαροῑςι
1596 2149 1896 2226 μέλεςςιν.

345 2233 419 2299 ὅς
465 2232 546 2310 ῥα
587 2232 731 2296 τόθ’
775 2232 1046 2311 ἡνίοχον
1090 2233 1385 2312 προςέφη
1430 2232 1738 2311 κρατερὸν
1782 2232 2057 2297 Ἰόλαον·

433 2316 636 2393 «ἥρως
681 2315 733 2377 ὦ
780 2316 1012 2391 Ἰόλαε,
1059 2320 1311 2396 βροτῶν
1356 2318 1525 2380 πολὺ
1569 2316 1833 2396 φίλτατε
1874 2316 2167 2392 πάντων,

343 2398 383 2475 ἦ
427 2420 485 2462 τι
513 2397 544 2446 †
559 2400 699 2476 μετ
730 2397 1090 2463 ἀθανάτους
1131 2400 1443 2478 μάκαρας,
1485 2402 1584 2463 τοὶ
1613 2400 1945 2477 Ὄλυμπον
1993 2400 2267 2477 ἕχουςιν,

344 2483 558 2561 ἤλιτεν
602 2482 1028 2561 Ἀμφιτρύων,
1074 2480 1180 2546 ὅτ’
1225 2482 1623 2569 ἑυςτέφανον
1666 2485 1812 2547 ποτὶ
1858 2483 2075 2562 Θήβην
2202 2492 2270 2542 80

345 2567 498 2645 ἦλθε
543 2569 750 2631 λιπὼν
795 2566 1130 2644 Τίρυνθον,
1175 2563 1543 2645 ἐυκτίμενον
1588 2568 1989 2645 πτολίεθρον,

345 2651 592 2716 κτείνας
634 2651 1080 2729 Ἠλεκτρύωνα
1123 2656 1299 2758 βοῶν
1344 2652 1516 2716 ἕνεκ’
1557 2652 2047 2730 εὐρυμετώπων,

342 2735 516 2799 ὑεετο
561 2736 631 2800 δ’
676 2735 742 2799 ἐς
789 2736 1096 2812 Κρείοντα
1136 2737 1241 2799 καὶ
1283 2736 1581 2814 Ἠνιόχην
1623 2735 2059 2809 τανύπεπλον,

347 2818 412 2883 οἵ
457 2818 536 2896 ῥά
581 2839 684 2896 μιν
727 2818 1088 2894 ἠςπάζοντο
1134 2820 1235 2882 καὶ
1278 2816 1523 2898 ἄρμενα
1564 2817 1774 2884 πάντα
1815 2822 2149 2897 παρεῖχον,

346 2904 384 2979 ἢ
430 2902 564 2978 δίκη
613 2900 748 2967 ἔςθ’
790 2901 1047 2983 ἱκέτῃςι,
1091 2901 1232 2966 τίον
1280 2904 1347 2965 δ’
1392 2902 1517 2980 ἄρα
1559 2903 1779 2979 κηρόθι
1824 2906 2089 2980 μᾶλλον.
2202 2909 2272 2960 85

345 2991 470 3053 ζῶε
514 2986 580 3049 δ’
625 2984 1064 3062 ἀγαλλόμενος
1109 2985 1220 3051 ςὺν
1268 2985 1570 3068 έυςφύρῳ
1616 2986 2089 3067 Ἠλεκτρυώνῃ,

345 3072 384 3154 ᾖ
432 3070 677 3151 ἀλόχῳ·
721 3069 886 3147 τάχα
929 3070 998 3134 δ’
1043 3067 1239 3148 ἄμμες
1286 3070 1736 3148 ἐπιπλομένων
1781 3069 2093 3134 ἐνιαυτῶν

345 3137 690 3232 γεινόμεθ’,
737 3152 890 3218 οὔτε
933 3155 1109 3257 φυὴν
1155 3153 1501 3230 ἐναλίγκιοι
1546 3152 1695 3218 οὔτε
1740 3152 1967 3230 νόημα,

348 3237 456 3301 ςός
497 3258 568 3301 τε
613 3240 823 3316 πατὴρ
867 3238 968 3301 καὶ
1014 3237 1170 3312 ἐγώ·
1213 3241 1334 3300 τοῦ
1364 3239 1479 3315 μὲν
1512 3237 1761 3317 φρένας
1804 3237 2055 3303 ἐξέλετο
2088 3235 2277 3311 Ζεύς,

349 3320 425 3381 ὃς
468 3322 807 3397 προλιπὼν
839 3321 1148 3401 ςφέτερόν
1191 3341 1263 3385 τε
1306 3321 1509 3398 δόμον
1542 3321 1888 3399 ςφετέρους
1931 3341 2001 3386 τε
2039 3326 2275 3398 τοκῆας

349 3404 554 3482 ᾤχετο
601 3406 878 3482 τιμήςων
923 3405 1305 3480 ἀλιτήμενον
1350 3404 1703 3482 Εὐρυςθῆα,
2206 3410 2271 3463 91

349 3485 661 3559 ςχέτλιος·
705 3486 746 3564 ἦ
789 3507 918 3551 που
962 3489 1174 3551 πολλὰ
1218 3489 1762 3567 μετεςτο’ναχίῑετ’
1807 3486 2081 3565 ὀπίςςω,
