2507 3935
849 221 1078 273 ΑΣΠῙΣ
1113 223 1589 278 ΗΡΑΚΛΕΟΤΣ.
2091 221 2177 287 59
2299 261 2305 267 .

257 384 345 450 ὧς
390 386 513 464 γάρ
560 384 620 451 οἱ
663 385 959 463 διέκειτο,
1005 386 1139 451 θεοὶ
1184 387 1252 451 δ’
1296 387 1705 467 ἐπιμάρτυροι
1749 387 1928 466 ἦςαν.
2108 397 2176 448 20

294 523 298 528 .
335 477 468 534 τῶν
515 468 552 532 ὅ
597 470 670 545 γ’
701 470 958 536 ὀπίζετο
1001 475 1211 548 μῆνιν,
1257 470 1545 545 ἐπείγετο
1592 473 1659 535 δ’
1704 471 1837 536 ὅττι
1878 471 2135 551 τάχιςτα

255 552 570 618 ἐκτελέςαι
615 553 776 632 μέγα
818 553 1037 632 ἔργον,
1083 553 1120 616 ὅ
1167 551 1230 617 οἱ
1270 555 1515 620 Διόθεν
1559 556 1732 633 θέμις
1773 554 1906 633 ἦεν.

255 643 346 720 τῷ
392 637 458 699 δ’
501 635 628 716 ἅμα
669 636 905 712 ἱέμενοι
950 637 1263 715 πολέμοιό
1306 658 1375 702 τε
1419 638 1781 717 φυλόπιδός
1823 658 1893 705 τε

258 721 529 784 Βοιωτοὶ
572 720 952 798 πλήξιπποι,
998 721 1160 798 ὑπὲρ
1207 723 1453 787 ςακὲων
1497 723 1861 800 πνείοντες,

255 803 491 882 Λοκροί
534 805 600 867 τ’
644 805 993 883 ἀγχέμαχοι
1037 805 1138 868 καὶ
1183 805 1445 883 Φωκῆες
1486 807 1836 887 μεγάθυμοι
2108 815 2177 864 25

255 887 551 952 ἕςποντ’·
595 887 750 966 ἦρχε
793 891 866 953 δὲ
908 891 1106 953 τοῑςιν
1150 889 1259 953 ἐὺς
1302 890 1450 954 πάις
1494 889 1867 965 Ἀλκαίοιο,“

255 973 532 1036 κυδιόων
579 975 800 1036 λαοῖςι.
971 973 1180 1050 πατὴρ
1224 973 1292 1036 δ’
1336 973 1595 1052 ἀνδρῶν
1640 995 1711 1039 τε
1754 979 1924 1038 θεῶν
1967 993 2037 1038 τε

249 1053 457 1132 ἀλλην
501 1059 682 1132 μῆτιν
728 1055 962 1136 ὕφαινε
1004 1057 1160 1134 μετὰ
1202 1057 1449 1134 φρεςίν,
1500 1057 1591 1122 ὥς
1637 1057 1719 1136 ῥα
1762 1060 1997 1122 θεοῑςιν

255 1137 518 1217 ἀνδράςι
559 1140 625 1203 τ’
671 1138 1058 1222 ἀλφηςτῇςιν
1104 1139 1264 1217 ἀρῆς
1306 1140 1586 1218 ἀλκτῆρα
1631 1141 1953 1219 φυτεύςαι.

344 1221 516 1300 ὦρτο
558 1223 624 1287 δ’
655 1221 776 1287 ἀπ’
807 1222 1179 1303 Οὐλύμποιο
1211 1223 1411 1288 δόλον
1440 1225 1628 1302 φρεςὶ
1670 1225 2176 1303 βυςςοδομεύων,

253 1305 514 1384 ἱμείρων
559 1308 906 1386 φιλότητος
951 1307 1260 1373 ἐυζώνοιο
1304 1306 1638 1383 γυναικός,
2110 1317 2175 1368 31

256 1389 576 1468 ἐννύχιος·
618 1390 782 1468 τάχα
826 1391 892 1454 δ’
934 1391 1024 1456 ἷξε
1068 1391 1465 1471 Τυφαόνιον,
1507 1391 1696 1457 τόθεν
1742 1391 1917 1457 αὖτις

253 1473 476 1538 Φίκιον
521 1473 876 1552 ἀκρότατον
919 1476 1355 1554 προςεβήςατο
1400 1476 1653 1553 μητίετα
1696 1475 1889 1542 Ζεύς·

255 1557 416 1622 ἔνθα
458 1557 882 1635 καθεζόμενος
925 1559 1109 1636 φρεςὶ
1151 1559 1385 1636 μήδετο
1429 1560 1689 1623 θέςκελα
1732 1559 1905 1637 ἔργα.

347 1640 506 1722 αὐτῇ
553 1641 666 1718 μὲν
709 1642 832 1718 γὰρ
876 1641 1050 1705 νυκτὶ
1093 1641 1507 1720 τανυςφύρου
1551 1643 2025 1720 Ἠλεκτρυώνης
2111 1651 2179 1702 35

256 1725 412 1808 εὐνῇ
459 1725 562 1788 καὶ
605 1725 897 1804 φιλότητι
939 1723 1116 1803 μίγη,
1160 1726 1415 1791 τέλεςεν
1461 1725 1527 1787 δ’
1570 1725 1681 1803 ἄρ’
1726 1726 1998 1804 ἐέλδωρ·

256 1809 417 1891 αὐτῇ
463 1809 529 1872 δ’
575 1808 974 1888 Ἀμφιτρύων
1020 1809 1363 1884 λαοςςόος,
1409 1809 1649 1883 ἀγλαὸς
1691 1808 1897 1888 ἥρως,

260 1892 588 1956 ἐκτελέςας
631 1893 792 1973 μέγα
834 1891 1028 1971 ἔργον
1075 1891 1342 1974 ἀφίκετο
1389 1893 1542 1958 ὅνδε
1587 1894 1900 1974 δόμονδε,

262 1977 411 2041 οὐδ’
457 1976 494 2040 ὅ
538 1978 608 2052 γ’
652 1977 756 2040 ἐπὶ
801 1981 1017 2055 δμῶας
1059 1979 1160 2041 καὶ
1201 1979 1511 2057 ποιμένας
1555 1978 1913 2055 ἀγροιώτας

257 2060 420 2139 ὦρτ’
463 2059 657 2136 ἰέναι,
702 2062 850 2139 πρίν
895 2062 966 2137 γ’
1008 2060 1085 2139 ἧς
1130 2061 1375 2139 ἀλόχου
1420 2062 1787 2140 ἐπιβήμεναι
1831 2061 2048 2137 εὐνῆς·
2111 2069 2181 2119 4ο

259 2148 436 2211 τοῖος
478 2146 603 2223 γὰρ
647 2145 910 2223 κραδίην
954 2146 1156 2211 πόθος
1198 2143 1423 2209 αἴνυτο
1469 2144 1745 2224 ποιμένα
1788 2146 1983 2207 λαῶν.

345 2228 436 2292 ὡς
479 2229 548 2293 δ’
593 2227 698 2291 ὅτ’
743 2228 905 2307 ἀνὴρ
951 2228 1273 2293 ἀςπαςτὸν
1319 2228 1788 2311 ὑπεκπροφύγῃ
1832 2227 2143 2305 κακότητα

257 2313 497 2377 νούςου
540 2312 658 2377 ὑπ’
702 2312 1019 2391 ἀργαλέης
1060 2312 1100 2390 ἢ
1143 2314 1247 2377 καὶ
1289 2317 1600 2391 κρατεροῦ
1644 2311 1774 2376 ὑπὸ
1818 2316 2082 2391 δεςμοῦ,

260 2394 352 2460 ὧς
398 2395 480 2474 ῥα
507 2396 663 2460 ’τότ’
693 2397 1096 2477 Ἀμφιτρύων
1142 2398 1429 2475 χαλεπὸν
1460 2398 1672 2462 πόνον
1718 2395 2183 2461 ἐκτολυπεύςας

258 2478 578 2545 ἀςπαςίως
619 2501 688 2543 τε
731 2483 940 2560 φίλως
980 2501 1050 2545 τε
1093 2480 1205 2545 ἑὸν
1250 2481 1455 2561 δόμον
1499 2479 1875 2560 εἰςαφίκανε.
2112 2487 2182 2537 45

261 2563 615 2642 παννύχιος
658 2566 726 2629 δ’
770 2564 882 2643 ἄρ’
923 2564 1145 2629 ἔλεκτο
1190 2565 1303 2630 ςὺν
1350 2564 1555 2647 αἰδοίῃ
1600 2562 1961 2641 παρακοίτι,

257 2647 654 2725 τερπόμενος
697 2649 953 2727 δώροιςι
993 2648 1405 2727 πολυχρύςου
1450 2647 1841 2726 Ἀφροδίτης.

343 2732 384 2808 ἢ
429 2732 501 2795 δὲ
544 2736 672 2812 θεῷ
716 2736 1011 2810 δμηθεῑςα
1052 2733 1154 2796 καὶ
1197 2732 1377 2811 ἀνέρι
1423 2732 1675 2797 πολλὸν
1720 2729 1952 2814 ἀρίςτῳ

258 2814 440 2898 Θήβῃ
487 2814 556 2879 ἐν
599 2815 945 2899 ἑπταπύλῳ
988 2816 1333 2895 διδυμάονε
1373 2816 1630 2892 γείνατο
1674 2818 1890 2889 παῖδε,

263 2898 382 2963 οὐκ
425 2899 530 2963 ἔθ’
577 2898 702 2977 ὁμὰ
745 2902 1139 2979 φρονέοντε·
1183 2900 1535 2979 καςιγνήτω
1579 2920 1655 2975 γε
1695 2900 1810 2977 μὲν
1852 2898 2071 2977 ἤςτην·
2116 2906 2185 2959 50

259 2983 380 3048 τὸν
423 2983 540 3060 μὲν
582 2984 975 3062 χειρότερον,
1017 2986 1134 3048 τὸν
1177 2986 1243 3049 δ’
1288 2984 1369 3048 αὖ
1426 2984 1571 3063 μέγ’
1616 2983 1925 3060 ἀμείνονα
1967 2986 2184 3062 φῶτα,

262 3068 478 3131 δεινόν
522 3088 593 3133 τε
635 3067 946 3149 κρατερόν
988 3088 1092 3144 τε,
1139 3068 1277 3147 βίην
1321 3067 1770 3147 Ἡρακληείην·

262 3150 378 3215 τὸν
423 3153 538 3231 μὲν
583 3150 1008 3231 ὑποδμηθεῑςα
1051 3151 1416 3231 κελαινεφέι
1464 3149 1803 3228 Κρονίωνι,

262 3234 464 3313 αὐτὰρ
509 3235 788 3315 Ἰφικλῆα
830 3235 1158 3319 δορυςςόῳ
1202 3233 1662 3315 Ἀμφιτρύωνι,

261 3320 630 3397 κεκριμένην
674 3322 930 3398 γενεήν·
981 3322 1098 3386 τὸν
1141 3322 1259 3399 μὲν
1304 3324 1516 3403 βροτῷ
1562 3317 1746 3394 ἀνδρὶ
1788 3318 2059 3394 μιγεῑςα,
2114 3324 2185 3375 55

397 3519 447 3560 v.
484 3508 550 3557 28
587 3522 668 3571 sq.
704 3504 856 3569 ὄφρα
891 3532 954 3541 --
993 3502 1244 3571 φυτεύςῃ
1381 3520 1435 3558 v.
1471 3504 1554 3555 54.
1594 3502 1802 3568 Ἰφικλῆ
1839 3496 2090 3561 λαοςςόῳ
2180 3555 2186 3561 ‚
