2507 3935
342 211 426 276 68
935 247 940 253 .
1127 207 1467 262 ΗΣΙΟΔΟΤ

342 383 477 446 τῶν
521 381 588 444 θ’
625 377 817 443 ἵπποι
859 378 975 456 μὲν
1019 376 1229 442 ἔπειθ’
1273 377 1662 444 ὑπεναντίον
1708 377 2070 457 ἀλλήλοιςιν

343 465 521 531 ὀξεῖα
562 463 880 542 χρέμιςαν,
927 463 1071 541 περὶ
1115 463 1188 526 δέ
1234 481 1440 541 ςφιςιν
1484 461 1727 537 ἄγνυτο
1771 463 1927 541 ἠχώ.

340 549 458 614 τὸν
503 547 822 626 πρότερος
863 545 1203 624 προςέειπε
1249 546 1347 626 βίη
1391 545 1793 624 Ἡρακληείη·

431 631 663 697 «Κύκνε
706 630 942 704 πέπον,
985 629 1043 693 τί
1085 649 1167 694 νυ
1208 635 1371 694 νῶιν
1416 630 1747 709 ἐπίςχετον
1790 630 1993 694 ὠκέας
2032 629 2276 694 ἵππους

341 715 668 793 ἀνδράςιν,
715 713 782 778 οἵ
820 734 890 778 τε
933 713 1146 777 πόνου
1189 715 1291 778 καὶ
1336 713 1550 780 ὀιζύος
1590 713 1787 792 ἴδριές
1828 714 2028 792 εἰμεν;
2172 723 2273 777 351

342 798 510 864 ἀλλὰ
553 799 753 877 παρὲξ
795 797 906 876 ἔχε
949 797 1185 876 δίφρον
1235 797 1467 865 ἐύξοον
1511 799 1625 875 ήδέ
1667 799 1973 864 κελεύθου

343 883 476 948 εἷκε
519 884 719 960 παρὲξ
763 881 940 947 ἰέναι.
1028 883 1312 961 Τρηχῖνα
1354 882 1427 946 δέ
1468 902 1568 946 τοι
1602 883 1989 960 παρελαύνω

344 967 412 1032 ἐς
461 967 669 1044 Κήυκα
711 964 979 1030 ἄνακτα·
1025 965 1063 1030 ὃ
1107 967 1230 1043 γὰρ
1274 966 1537 1044 δυνάμει
1580 986 1649 1030 τε
1692 967 1793 1029 καὶ
1836 965 2004 1028 αἰδοῖ

342 1052 660 1130 Τρηχῖνος
689 1049 1070 1129 προβέβηκε·
1101 1050 1174 1112 ςὺ
1199 1051 1257 1114 δ’
1279 1048 1351 1114 εὖ
1383 1051 1551 1128 μάλα
1580 1048 1765 1114 οῑςθα
1790 1049 1892 1112 καὶ
1920 1049 2143 1113 αὐτός·
2176 1059 2278 1111 355

342 1140 460 1200 τοῦ
504 1135 628 1214 γὰρ
672 1133 916 1198 ὀπυίεις
957 1135 1158 1198 παῖδα
1201 1133 1631 1212 Θεμιςτονόην
1674 1138 2023 1198 κυανῶπιν.

429 1219 484 1284 ὦ
525 1219 760 1293 πέπον,
808 1217 888 1281 οὐ
930 1218 1045 1295 μὲν
1088 1217 1212 1295 γάρ
1256 1237 1355 1282 τοι
1396 1217 1591 1297 ’Άρης
1626 1218 1930 1282 θανάτοιο
1974 1218 2275 1296 τελευτὴν

256 1329 268 1342 ·
345 1302 619 1381 ἀρκέςει,
665 1301 720 1366 εἰ
761 1303 840 1379 δὴ
883 1305 1005 1365 νῶι
1049 1301 1461 1378 ςυνοιςόμεθα
1503 1302 1917 1379 πτολεμίζειν.

341 1387 462 1465 ἤδη
507 1385 623 1463 μέν
667 1385 736 1448 τέ
781 1384 812 1447 ἕ
857 1404 1015 1462 φημι
1055 1384 1157 1446 καὶ
1199 1382 1431 1447 ἄλλοτε
1474 1388 1847 1462 πειρηθῆναι

342 1470 574 1549 ἔγχεος
615 1467 960 1546 ἡμετέρου,
1006 1465 1112 1530 ὅθ’
1157 1465 1319 1546 ὑπὲρ
1361 1467 1589 1532 Πύλου
1631 1468 2027 1546 ἠμαθόεντος
2177 1479 2281 1532 360

345 1552 563 1618 ἀντίος
605 1551 747 1629 ἔςτη
791 1551 964 1629 ἐμεῖο
1008 1551 1210 1630 μάχης
1252 1551 1496 1630 ἄμοτον
1540 1552 1926 1629 μενεαίνων·
2035 1621 2043 1629 ,

342 1639 478 1716 τρὶς
520 1638 635 1715 μὲν
681 1636 814 1720 ἐμῷ
858 1633 988 1699 ὑπὸ
1031 1637 1215 1714 δουρὶ
1257 1637 1478 1700 τυπεὶς
1516 1635 1809 1714 ήρείςατο
1853 1637 1999 1720 γαίῃ

346 1721 709 1799 οὐταμένου
754 1719 1005 1783 ςάκεος·
1049 1719 1124 1782 τὸ
1169 1720 1240 1782 δὲ
1283 1721 1586 1798 τέτρατον
1630 1721 1832 1799 ἤλαςα
1873 1721 2077 1799 μηρὸν

343 1805 534 1868 παντὶ
577 1803 751 1880 μένει
796 1801 1113 1877 ςπεύδων,
1159 1803 1263 1866 διὰ
1306 1805 1379 1868 δὲ
1422 1804 1583 1881 μέγα
1625 1805 1855 1883 ςαρκὸς
1896 1803 2129 1882 ἄραξα·

343 1887 594 1966 πρηνὴς
638 1887 706 1949 δ’
749 1885 822 1950 ἐν
865 1885 1105 1969 κονίῃςι
1149 1887 1341 1964 χαμαὶ
1381 1887 1573 1952 πέςεν
1616 1887 1843 1966 ἔγχεος
1888 1889 2095 1972 αἰχμῇ.
2175 1897 2278 1951 365

345 1972 503 2038 ἔνθα
545 1991 616 2035 κε
658 1972 736 2051 δὴ
781 1970 1072 2049 λωβητὸς
1113 1970 1185 2035 ἐν
1229 1970 1632 2038 ἀθανάτοιςιν
1678 1973 1939 2053 ἐτύχθη,

343 2057 556 2137 χερςὶν
600 2054 726 2135 ὑφ’
766 2054 1095 2138 ἡμετέρῃςι
1136 2058 1344 2121 λιπὼν
1390 2056 1591 2134 ἔναρα
1634 2057 2037 2135 βροτόεντα.»

429 2139 520 2205 ὧς
563 2138 790 2219 ἔφατ’·
839 2138 988 2203 οὐδ’
1033 2137 1158 2217 ἄρα
1206 2139 1445 2205 Κύκνος
1488 2140 1819 2220 ἐυμμελίης
1862 2140 2163 2219 ἐμενοίνα

345 2230 438 2307 τῷ
483 2222 972 2301 ἐπιπειθόμενος
1014 2223 1239 2302 ἐχέμεν
1284 2222 1715 2302 ἐρυςάρματας
1754 2224 2015 2289 ἵππους.

345 2308 424 2385 δὴ
467 2305 609 2369 τότ’
639 2304 760 2369 ἀπ’
791 2306 1154 2372 εὐπλεκέων
1198 2307 1451 2385 δίφρων
1495 2308 1696 2387 θόρον
1740 2307 1891 2387 αἶψ’
1936 2310 2039 2372 ἐπὶ
2086 2313 2276 2385 γαῖαν

343 2392 497 2454 παῖς
535 2408 606 2453 τε
647 2388 814 2452 Διὸς
855 2388 1137 2465 μεγάλου
1181 2391 1283 2453 καὶ
1326 2392 1678 2455 Ἐνυαλίοιο
1724 2392 2026 2460 ἄνακτος·
2172 2404 2272 2455 371

341 2473 596 2552 ἡνίοχοι
639 2473 706 2536 δ’
747 2471 992 2550 ἔμπλην
1036 2469 1271 2537 ἔλαςαν
1315 2473 1714 2555 καλλίτριχας
1754 2475 2027 2541 ἵππους·

343 2561 478 2623 τῶν
522 2558 590 2621 δ’
619 2555 748 2621 ὑπὸ
794 2556 1158 2635 ςευομένων
1200 2557 1497 2637 κανάχιζε
1528 2558 1731 2624 ίπός’
1773 2560 1992 2639 εὐρεῖα
2033 2562 2231 2639 χθών.

431 2641 521 2706 ὥς
565 2642 632 2705 δ’
675 2640 784 2705 ὅτ’
827 2639 953 2721 ἀφ’
999 2640 1251 2721 ὑψηλῆς
1294 2646 1584 2722 κορυφῆς
1630 2642 1822 2722 ὄρεος
1864 2644 2171 2722 μεγάλοιο

302 2772 312 2781 ·
343 2724 569 2804 πέτραι
613 2722 1137 2803 άποθρώςκουςαι
1179 2725 1293 2790 ἐπ’
1336 2726 1635 2811 ἀλλήλῃςι
1676 2728 1941 2806 πέςωςι,
2171 2739 2277 2791 375

342 2810 580 2873 πολλαὶ
621 2810 695 2873 δέ
735 2811 891 2887 δρῦς
934 2808 1266 2887 ὑψίκομοι,
1310 2812 1545 2875 πολλαὶ
1588 2811 1659 2875 δέ
1702 2832 1770 2877 τε
1814 2815 2040 2877 πεῦκαι

343 2890 612 2971 αἴγειροί
651 2910 724 2954 τε
765 2890 1130 2969 τανύρριζοι
1173 2892 1515 2969 ῥήγνυνται
1556 2894 1681 2958 ὑπ’
1723 2896 1939 2962 αὐτῶν

344 2975 548 3056 ῥίμφα
588 2974 1088 3053 κυλινδομένων,
1132 2974 1283 3040 εἵως
1326 2976 1621 3044 πεδίονδ’
1664 2976 2048 3057 ἀφίκωνται·

347 3060 440 3124 ὧς
485 3060 551 3125 οἳ
594 3060 706 3124 ἐπ’
749 3058 1073 3136 ἀλλήλοιςι
1115 3061 1317 3125 πέςον
1360 3062 1522 3140 μέγα
1562 3064 1996 3141 κεκλήγοντες.

427 3148 597 3208 πᾶςα
625 3145 698 3209 δὲ
729 3143 1161 3222 Μυρμιδόνων
1187 3165 1260 3210 τε
1288 3144 1476 3210 πόλις
1503 3148 1709 3224 κλειτή
1739 3148 1803 3210 τ’
1824 3148 2140 3229 Ἰαωλκός,
2172 3160 2277 3212 380

341 3225 538 3307 ’Άρνη
581 3228 650 3297 τ’
692 3228 803 3304 ἠδ’
841 3226 1042 3307 Ἑλίκη
1084 3219 1340 3295 Ἄνθειά
1380 3250 1451 3294 τε
1493 3231 1794 3307 ποιήεςςα

345 3478 378 3527 λ
476 3434 529 3467 v.
567 3423 683 3472 365.
719 3424 914 3487 ἔγχεος
947 3428 1093 3496 ὁρμή
1229 3448 1285 3485 v.
1319 3431 1435 3485 375.
1470 3430 1928 3499 ἀποθρώςκωςιν,
1964 3433 2067 3489 ἐπ’
2102 3436 2277 3503 ἀλλή-

381 3492 465 3529 αις
499 3480 561 3531 δὲ
595 3484 801 3541 πέςωςι
1265 3504 1273 3513 “
