2507 3935
856 203 1050 255 EPPA
1083 203 1211 256 m
1247 202 1553 256 HMEPAI.
2075 203 2161 268 55

244 369 641 451 επερμαίνειν
683 369 946 447 γενεήν,
992 367 1140 432 ἀλλ’
1186 367 1607 433 ἀθανάτων
1654 367 1785 433 ἀπὸ
1829 369 2117 434 δαιτός.

329 522 542 599 Μηδέ
585 520 739 584 ποτ’
783 518 1039 585 ἀενάων
1085 522 1461 598 ποταμῶν
1504 519 1889 598 καλλίρροον
1936 519 2113 598 ὕδωρ
2240 539 2247 542 ·

244 605 426 670 ποεεὶ
467 607 706 681 περᾶν,
749 603 898 681 πρίν
944 605 1014 678 γ’
1058 601 1207 687 εὔξῃ
1253 603 1411 668 ἰδ’ὼν
1454 601 1521 667 ἐς
1563 605 1727 668 καλὰ
1772 603 2000 682 ῥέεθρα

245 692 512 769 χεῖρας
554 688 1000 766 νιψάμενος
1043 687 1431 770 πολυηράτῳ
1474 686 1655 751 ὕδατι
1694 688 1923 770 λευκῷ.

244 875 330 886 -—
411 839 531 904 Ὃε
572 837 932 918 ποταμὸν
977 841 1184 920 διαβῇ,
1227 837 1499 916 κακότητ
1511 837 1669 902 ’ἴδε
1697 840 1971 916 χεῖρα(
2001 835 2166 902 ἄνι·

247 1012 442 1090 -τῷ
486 1007 559 1072 δὲ
600 1005 736 1070 θεοὶ
778 1007 1082 1086 νεμεεῶει
1126 1005 1228 1068 καὶ
1270 1004 1471 1081 ἄλγεα
1514 940 1735 1071 δτιὲιῖεὲιξ
1766 1004 2021 1070 ὀπίεεω.
2068 1015 2165 1066 741

331 1175 529 1252 Μηδ’
574 1172 705 1237 ἀπὸ
750 1171 1090 1238 πεντόζοιο
1134 1174 1337 1236 θεῶν
1383 1170 1455 1237 ἐν
1500 1173 1703 1236 δαιτὶ
1745 1172 1961 1256 θαλείῃ

249 1257 411 1323 αὖον
457 1257 589 1322 ἀπὸ
632 1259 892 1336 χλωροῦ
936 1255 1190 1335 τάμνειν
1237 1252 1462 1320 αἴθωνι
1504 1256 1757 1338 ειδήρῳ.

337 1408 548 1486 Μηδέ
591 1407 768 1471 ποτ’
813 1405 1120 1485 οἰνοχόην
1163 1406 1411 1484 τιθέμεν
1454 1411 1767 1486 κρητῆρος
1810 1405 2045 1486 ὕπερθε

251 1491 682 1558 πινόντων·
705 1490 866 1568 ὀλοὴ
890 1491 1014 1569 γὰρ
1037 1489 1383 1573 ἐπάὐτῷ
1413 1493 1644 1571 μοῖρα
1664 1491 2039 1555 τέτυκται.
2071 1497 2171 1550 745

339 1641 404 1704 Μ
415 1662 453 1719 η
468 1646 504 1705 δ
517 1642 549 1704 ὲ
589 1639 790 1718 δόμον
835 1643 1044 1705 ποιῶν
1090 1639 1131 1703 ἀ
1144 1660 1181 1704 ν
1197 1660 1227 1703 ε
1241 1661 1289 1703 π
1303 1639 1322 1702 ί
1336 1644 1368 1706 ξ
1380 1659 1412 1703 ε
1428 1659 1459 1704 c
1471 1661 1507 1704 τ
1523 1658 1560 1704 ο
1571 1661 1609 1705 ν
1654 1640 2075 1718 καταλείπειν,

251 1727 333 1805 μή
378 1745 478 1789 τοι
523 1723 556 1788 ἑ
568 1744 619 1803 φ
633 1743 664 1788 ε
680 1728 713 1790 ζ
727 1743 764 1786 ο
775 1744 818 1801 μ
829 1723 861 1787 έ
875 1743 913 1788 ν
926 1745 964 1802 η
1011 1723 1218 1806 κρώζῃ
1264 1723 1577 1803 λακέρυζα
1618 1725 1893 1803 κορώνη.

340 1875 539 1954 Μηδ’
570 1873 723 1939 ἀπὸ
768 1874 1192 1952 χυτροπόδων
1224 1873 1823 1954 ἀνεπιρρέκτων
1857 1875 2174 1941 ἀνελόντα

257 1959 508 2025 ἔεθειν
550 1959 706 2038 μηδὲ
748 1957 1098 2024 λόεεθαι·
1143 1958 1282 2024 ἐπεὶ
1324 1959 1448 2024 καὶ
1487 1961 1623 2024 τοῖς
1665 1958 1761 2025 ἔνι
1804 1960 2060 2038 ποινή.

341 2124 995 2205 Μηδ’ἐπ’ἀκινήτοιει
1020 2125 1565 2192 καθίζειν-οὐ
1585 2126 1729 2205 γάρ
1753 2123 2179 2203 ἄμεινον-

257 2214 455 2275 παῖδα
494 2212 1002 2286 δυωδεκαταῖον,
1047 2208 1086 2273 ὅ
1130 2210 1193 2273 τ’
1223 2208 1409 2287 ἀνέρ’
1454 2210 1745 2288 ἀνήνορα
1786 2212 1988 2285 ποιεῖ,
2076 2219 2173 2273 751

258 2297 446 2373 μηδὲ
489 2294 1016 2372 δυωδεκάμηνον·
1059 2292 1201 2358 ἰἐον
1243 2293 1346 2357 καὶ
1388 2297 1583 2358 τοῦτο
1625 2294 2006 2358 τέτυκται.

259 2380 446 2456 μηδὲ
487 2378 824 2461 γυναικείῳ
871 2380 1182 2461 λουτρῷ
1227 2377 1393 2456 χρόα
1423 2377 1878 2457 φαιδρύνεεθαι

257 2462 485 2541 ἀνέρα·
529 2462 835 2540 λευγαλέη
878 2462 1005 2540 γὰρ
1047 2440 1160 2525 ἐπὶ
1191 2460 1437 2541 χρόνον
1483 2460 1613 2526 ἔπ’
1659 2462 1784 2526 ἐπὶ
1826 2463 1951 2527 καὶ
1975 2468 2081 2546 τῷ

260 2546 510 2623 ποινή.
557 2548 705 2624 μηδ’
747 2545 1006 2625 ἱεροῑειν
1048 2546 1159 2610 ἐπ’
1204 2544 1587 2622 αἰθομένοιει
1630 2546 1901 2623 κυρήεαε
2078 2556 2178 2608 755

259 2629 570 2708 μωμεύειν
616 2628 866 2707 ἀίδηλα·
913 2627 1094 2693 θεόε
1136 2628 1227 2693 νύ
1271 2648 1339 2693 τι
1381 2648 1485 2692 και
1525 2629 1605 2693 τὰ
1646 2633 1926 2711 νεμεεεᾷ.

261 2830 345 2844 —
429 2796 640 2875 Μηδέ
683 2796 856 2860 ποτ’
901 2796 973 2861 ἑν
1027 2800 1281 2884 προχοῇ
1335 2799 1712 2873 ποταμῶν
1766 2794 1965 2865 ἅλαδε
2018 2816 2179 2877 προ-

262 2998 342 3009 —-
372 2964 545 3043 μηδ’
575 2963 679 3029 ἐπὶ
719 2963 1019 3043 κρηνάων
1063 2962 1315 3043 οὐρεῖν,
1359 2879 2183 3043 μάλὲεἷντέωέαλέαεθαι·

263 3232 342 3282 σθ
394 3164 530 3218 736¹»
563 3186 632 3207 ==
665 3168 782 3219 758.
815 3156 966 3231 μηδ”
995 3157 1091 3217 ἐπὶ
1125 3156 1391 3231 κρηνάων
1426 3156 1641 3230 οὐρεῖν,
1676 3156 1833 3231 μάλα
1868 3158 1927 3215 δ’
1954 3156 2184 3229 ἐξαλέα-

345 3245 434 3284 αι·

392 3432 447 3471 v.
485 3419 600 3470 740.
635 3414 904 3481 κακότητι
937 3416 1000 3469 δὲ
1038 3420 1094 3469 et
1127 3414 1407 3483 κακότητ’
1440 3414 1537 3469 ἔπι
1669 3432 1724 3468 v.
1746 3418 1861 3468 746.
1898 3413 2186 3479 ἀνεπίορε-

263 3494 399 3535 κτον
534 3500 586 3539 v.
626 3486 744 3536 756.
778 3484 906 3535 θεός
940 3498 1029 3535 τοι
