2507 3935
851 187 1044 239 ΕΡΓΑ
1077 188 1206 239 KAI
1239 189 1539 244 EMEPAI.
2080 189 2166 253 49

238 351 685 431 πρωτογόνων
731 354 798 417 δ’
841 353 1110 435 ἐρίφων,
1157 354 1352 419 ὁπότ’
1383 355 1463 420 ἂν
1507 355 1701 463 κρύος
1746 354 1945 434 ὥριον
1990 356 2165 436 ἔλθη,

239 439 514 515 δέρματα
560 438 933 517 ςυρράπτειν
979 439 1190 522 νεύρῳ
1238 437 1424 520 βοός,
1472 438 1637 519 ὄφρ’
1682 439 1785 503 ἐπὶ
1828 441 2019 522 νώτῳ

241 519 428 585 ὑετοῦ
475 521 798 606 ἀμφιβάλῃ
843 521 1073 601 ἀλέην
1119 525 1445 604 κεφαλῆφι
1490 524 1557 586 δ’
1586 523 1819 602 ὕπερθε
2064 534 2165 586 545

239 606 431 669 πῖλον
477 605 647 682 ἔχειν
695 584 996 712 ἀςκητόν,
1038 605 1133 670 ιν’
1177 605 1380 670 οὔατα
1424 607 1504 685 μὴ
1551 607 1879 691 καταδεύῃ.

241 689 456 766 ψυχρὴ
501 689 623 766 γάρ
666 690 729 752 τ’
774 689 906 766 ἠὼς
949 690 1206 754 πέλεται
1253 690 1499 768 Βορέαο
1543 670 1884 755 πεςόντοὲ·

244 771 419 854 ἠῷος
463 773 534 836 δ’
575 773 680 836 ἐπὶ
721 775 910 848 γαῖαν
956 772 1076 836 ἀπ’
1119 773 1408 852 οὐρανοῦ
1452 773 1866 854 ἀςτερόεντος

247 855 368 934 ἀὴρ
414 857 794 936 πυροφόρος
838 857 1086 922 τέταται
1129 858 1435 936 μακάρων
1477 857 1583 922 ἐπὶ
1624 858 1868 937 ἔργοις,

241 937 316 1001 ὅς
357 958 426 1003 τε
471 939 901 1019 ἀρυςςάμενος
943 945 1253 1018 ποταμῶν
1299 937 1431 1005 ἄπο
1476 941 1873 1007 αἰεναόντων
2064 951 2167 1004 550

239 1021 416 1100 ὑψοῦ
461 1023 622 1103 ὑπὲρ
664 1025 845 1102 γαίης
891 1024 1098 1103 ἀρθεὶς
1144 1024 1407 1103 ἀνέμοιο
1454 1026 1687 1110 θυέλλῃ

241 1103 472 1171 ἄλλοτε
517 1109 630 1186 μέν
677 1109 744 1171 θ’
788 1107 885 1172 ὕει
927 1109 1074 1172 ποτὶ
1119 1108 1421 1186 ἕςπερον,
1466 1089 1696 1174 ἄλλοτ’
1740 1107 1881 1186 ἄηςι

244 1191 454 1255 πυκνὰ
501 1191 800 1269 Θρηικίου
847 1192 1092 1270 Βορέου
1136 1192 1347 1272 νέφεα
1388 1193 1791 1258 κλονέοντος.

237 1274 353 1338 τὸν
400 1275 726 1380 φθάμενος
773 1274 966 1354 ἔργον
1009 1276 1266 1339 τελέςας
1312 1275 1569 1342 οἶκόνδε
1613 1277 1890 1351 νέεςθαι,

237 1359 318 1438 μή
350 1359 509 1422 ποτέ
542 1361 606 1423 ς’
637 1357 991 1438 οὐρανόθεν
1039 1359 1300 1425 ςκοτόεν
1318 1361 1560 1467 νέφος
1582 1322 2019 1443 ἀμφικαλύψῃ,
2061 1367 2163 1420 555

239 1445 459 1519 χρῶτα
503 1444 574 1506 δὲ
617 1442 935 1521 μυδαλέον
979 1443 1144 1522 θείη,
1189 1444 1346 1507 κατὰ
1392 1444 1458 1508 δ’
1503 1443 1723 1522 εἵματα
1766 1444 1952 1548 δεύῃ,

239 1525 391 1588 ἀλλ’
437 1525 891 1590 υπαλεύαςθαι·
936 1527 1064 1605 μεὶς
1107 1527 1230 1604 γὰρ
1276 1528 1730 1604 χαλεπώτατος
1774 1525 1965 1591 ουτος

237 1610 587 1688 χειμέριος,
631 1610 915 1687 χαλεπὸς
943 1611 1325 1689 προβάτοις,
1370 1610 1652 1688 χαλεπὸς
1681 1611 1749 1673 δ’
1780 1609 2163 1688 ἀνθρώποις.

235 1697 435 1772 τῆμος
479 1692 710 1771 τῶμιςυ
757 1693 998 1773 βουςίν,
1045 1694 1156 1757 ἐπ’
1201 1693 1379 1771 ἀνέρι
1422 1695 1493 1758 δὲ
1538 1695 1739 1758 πλέον
1787 1691 1881 1770 εἴη

239 1777 572 1856 ἁρμαλιῆς·
615 1777 840 1855 μακραὶ
873 1779 1004 1856 γὰρ
1048 1775 1378 1856 ἐπίρροθοι
1421 1777 1737 1857 εὐφρόναι
1772 1776 1896 1841 εἰςί.
2064 1786 2167 1838 560

239 1897 324 1906 —
365 1864 577 1923 ταῦτα
621 1859 1132 1964 φυλασσόμενος
1174 1861 1649 1967 τετελεσμένον
1680 1861 1777 1934 εἰς
1808 1856 2123 1924 ἐνιαυτὸν

238 1981 324 1991 --
369 1943 693 2009 ἰσοῦσθαι
735 1966 986 2020 νυκτας
1027 1967 1099 2009 τε
1142 1943 1256 2007 καὶ
1273 1941 1549 2049 ἤματα,
1598 1945 1692 2020 εἰς
1732 1941 1771 2007 ὅ
1812 1966 1931 2007 κεν
1975 1935 2165 2021 αὖτις

239 2063 324 2074 ——-
366 2032 452 2111 γῆ
497 2026 772 2094 πάντων
814 2028 1053 2112 μήτηρ
1075 2024 1339 2111 καρπὸν
1384 2028 1759 2111 σύμμικτον
1804 2028 2047 2111 ἐνείκῃ.

327 2178 464 2245 εὖτ’
508 2180 587 2245 ἂν
633 2180 698 2244 δ’
744 2181 1050 2258 ἑξήκοντα
1092 2176 1246 2257 μετὰ
1278 2181 1535 2258 τροπὰς
1577 2178 1815 2256 ἠελίοιο
1896 2244 1901 2249 ,

244 2265 502 2343 χειμέρι’
548 2263 834 2348 ἐκτελέςῃ
879 2264 1043 2328 Ζεὺς
1086 2264 1328 2342 ἤματα,
1373 2264 1450 2343 δή
1497 2262 1579 2342 ῥα
1620 2262 1762 2327 τότ’
1792 2262 1988 2342 ἀςτὴρ
2064 2270 2165 2325 565
2280 2265 2283 2267 ’

244 2348 621 2426 Ἀρκτοῦρος
664 2349 1003 2427 προλιπὼν
1045 2346 1222 2427 ἱερὸν
1271 2347 1431 2427 ῥόον
1474 2346 1807 2413 Ὠκεανοῖο

249 2436 511 2508 πρῶτον
556 2432 948 2513 παμφαίνων
992 2432 1386 2497 ἐπιτέλλεται
1428 2432 1924 2512 ἀκροκνέφαιος·

244 2516 357 2580 τὸν
403 2518 474 2579 δὲ
517 2516 656 2595 μέτ’
686 2516 965 2595 ὀρθογόη
1009 2516 1359 2580 Πανδιονὶς
1404 2514 1575 2594 ὦρτο
1618 2516 1889 2593 χελιδὼν

248 2598 312 2663 ἐς
356 2602 529 2679 φάος
573 2599 938 2678 ἀνθρώποις
981 2598 1173 2677 ἔαρος
1216 2599 1371 2664 νέον
1417 2597 1799 2676 ἱςταμένοιο·
1845 2666 1855 2677 ,

246 2684 360 2762 τὴν
392 2685 720 2762 φθάμενος
752 2682 934 2748 οἴνας
965 2682 1436 2761 περιτεμνέμεν·
1470 2680 1560 2745 ῶς
1588 2682 1710 2758 γὰρ
1742 2680 2019 2758 ἄμεινον.
2063 2689 2167 2741 570

327 2766 478 2831 ἀλλ’
510 2766 698 2831 ὁπότ’
731 2766 810 2833 ἂν
844 2766 1184 2847 φερέοικος
1214 2764 1345 2829 ἀπὸ
1377 2765 1611 2844 χθονὸς
1653 2765 1737 2843 ἂμ
1776 2764 1949 2844 φυτὰ
1969 2764 2163 2867 βαίνῃ

245 2850 571 2928 Πληιάδας
616 2851 911 2932 φεύγων,
954 2850 1102 2916 τότε
1145 2850 1220 2929 δὴ
1268 2848 1511 2930 ςκάφος
1556 2848 1673 2913 οὐκ
1716 2848 1807 2912 ἔτι
1851 2846 2115 2914 οἰνέων·

249 2932 400 2997 ἀλλ’
431 2934 639 3014 ἅρπας
681 2955 750 2999 τε
795 2934 1246 3015 χαραςςέμεναι
1290 2933 1389 2997 καὶ
1433 2937 1648 3011 δμῶας
1692 2932 1975 3010 ἐγείρειν,

247 3018 512 3121 φεύγειν
555 3021 627 3083 δὲ
671 3020 953 3096 ςκιεροὺς
998 3018 1246 3081 θώκους
1290 3018 1390 3080 καὶ
1434 3016 1541 3079 ἐπ’
1585 3016 1681 3093 ἠῶ
1726 3018 1943 3080 κοῖτον

251 3100 386 3186 ὥρῃ
431 3103 501 3167 ἐν
547 3102 821 3181 ἀμήτου,
867 3100 974 3165 ὅτε
1017 3102 1082 3164 τ’
1125 3101 1342 3177 ἠέλιος
1384 3098 1550 3177 χρόα
1592 3098 1848 3177 κάρφει·
2064 3108 2165 3159 575

243 3190 557 3263 τημοῦτος
604 3186 891 3250 ςπεύδειν
936 3184 1035 3249 και
1079 3182 1296 3257 οἴκαδε
1339 3182 1588 3261 καρπὸν
1632 3180 1905 3259 ἀγείρειν

243 3266 487 3347 ὄρθρου
533 3269 978 3347 ἀνιςτάμενος,
1019 3267 1129 3333 ι’να
1170 3287 1273 3332 τοι
1315 3267 1448 3347 βίος
1491 3265 1707 3344 ἄρκιος
1751 3264 1867 3344 εἴη.

381 3420 434 3455 v.
470 3408 586 3456 549.
624 3402 982 3467 ὸμβροφόρος
1135 3418 1188 3455 v.
1225 3404 1341 3455 568.
1381 3398 1658 3466 ὀρθρογόη
1697 3405 1753 3452 et
1784 3396 2030 3465 ’ὀρθοβόη

237 3486 301 3524 v.
337 3474 453 3550 576.
489 3470 709 3536 καρπὸν
743 3468 955 3533 ἀγινεῖν

321 3568 546 3609 namon.
1722 3551 1759 3601 4
