2507 3935
377 185 462 250 36
1169 187 1511 240 ΗΣΙοΔοΤ

375 355 482 418 καὶ
522 354 620 420 τοὶ
662 353 777 433 μὲν
820 353 1122 433 χείρεςςιν
1166 352 1296 419 ὑπὸ
1342 356 1675 440 ςφετέρῃςι
1717 357 2023 436 δαμέντες

378 441 576 516 βῆςαν
616 437 686 504 ἐς
729 437 1057 516 εὐρώεντα
1097 437 1303 518 δόμον
1346 443 1619 517 κρυεροῦ
1664 440 1912 520 Ἀίδαο,

374 523 735 603 νώνυμνοι·
780 523 1058 600 θάνατος
1102 522 1174 586 δὲ
1216 522 1318 587 καὶ
1362 523 1720 600 ἐκπάγλους
1763 545 1887 604 περ
1930 526 2163 598 ἐόντας

375 605 507 670 εἷλε
551 608 775 686 μέλας,
819 605 1114 685 λαμπρὸν
1159 606 1229 670 δ’
1272 605 1502 673 ἔλιπον
1547 609 1721 687 φάος
1762 609 2044 676 Ἠελίοιο
2204 623 2299 678 155

460 689 664 768 αὐτὰρ
706 689 846 754 ἐπεὶ
888 690 990 754 καὶ
1031 692 1227 754 τοῦτο
1272 691 1467 766 γένος
1509 690 1669 757 κατὰ
1710 696 1862 768 γαῖα
1904 695 2218 778 κάλυψεν,

376 771 554 839 αὖτις
595 773 696 838 ἔτ’
740 772 905 838 ἄλλο
946 774 1258 852 τέταρτον
1305 775 1406 838 ἐπὶ
1451 777 1637 853 χθονὶ
1676 779 2144 862 πουλυβοτείρῃ

374 857 541 922 Ζεὺς
589 857 894 935 Κρονίδης
935 856 1159 935 ποίηςε
1203 858 1601 937 δικαιότερον
1646 861 1751 925 καὶ
1792 859 2036 942 ἄρειον,

375 941 635 1018 ἀνδρῶν
677 940 913 1019 ἡρώων
958 944 1136 1006 θεῖον
1178 941 1403 1020 γένος,
1448 941 1515 1006 οἳ
1557 943 1896 1008 καλέονται

371 1023 615 1102 ἡμίθεοι
657 1024 941 1108 προτέρῃ
983 1029 1174 1108 γενεῇ
1219 1025 1365 1089 κατ’
1406 1025 1722 1104 ἀπείρονα
1763 1031 1972 1103 γαῖαν.
2203 1042 2301 1094 160

373 1109 477 1172 καὶ
517 1107 670 1173 τοὺς
714 1109 829 1187 μὲν
874 1107 1160 1188 πόλεμός
1201 1129 1273 1174 τε
1316 1109 1513 1175 κακὸς
1552 1111 1655 1176 καὶ
1696 1113 1982 1191 φύλοπις
2024 1113 2171 1196 αἰνὴ

373 1190 528 1258 τοὺς
571 1193 687 1275 μεν
729 1191 846 1270 ἐφ’
891 1192 1237 1275 ἑπταπύλῳ
1284 1193 1494 1277 Θήβῃ,
1544 1194 1841 1273 Καδμηίδι
1882 1197 2061 1281 γαίῃ,

373 1276 571 1341 ὤλεςε
613 1276 1056 1355 μαρναμένους
1098 1276 1320 1353 μήλων
1366 1277 1540 1342 ἕνεκ’
1582 1277 1967 1354 Οἰδιπόδαο,

370 1360 527 1424 τοὺς
569 1360 642 1423 δὲ
683 1359 784 1424 καὶ
827 1358 899 1423 ἐν
942 1359 1190 1436 νήεςςιν
1235 1357 1396 1436 ὑπὲρ
1440 1361 1601 1438 μέγα
1643 1361 1868 1440 λαῖτμα
1910 1363 2225 1444 θαλάςςης

370 1443 440 1507 ἐς
483 1443 719 1523 Τροίην
763 1441 1027 1519 ἀγαγὼν
1073 1441 1326 1518 Ἑλένης
1371 1441 1546 1509 ἕνεκ’
1588 1441 1913 1523 ἠυκόμοιο.
1970 1477 1977 1484 ·
2196 1459 2299 1512 165

328 1528 334 1529 ⁷
371 1526 514 1594 ἔνθ’
555 1527 697 1606 ἤτοι
736 1526 892 1592 τοὺς
933 1526 1049 1603 μὲν
1092 1524 1375 1590 θανάτου
1417 1527 1603 1590 τέλος
1643 1526 2093 1608 ἀμφεκάλυψε·

368 1613 505 1675 τοῖς
547 1613 620 1676 δὲ
663 1611 794 1689 δίχ’
837 1608 1206 1688 ἀνθρώπων
1251 1609 1470 1690 βίοτον
1514 1609 1617 1676 καὶ
1656 1609 1802 1688 ἤθε’
1844 1609 2126 1680 ὀπάςςας

367 1694 533 1758 Ζεὺς
581 1694 886 1772 Κρονίδης
930 1693 1267 1758 κατέναςςε
1310 1695 1520 1772 πατὴρ
1566 1693 1632 1760 ἐς
1674 1694 1941 1773 πείρατα
1983 1699 2194 1778 γαίης·

367 1812 451 1824 —
480 1776 586 1840 καὶ
623 1777 724 1840 τοὶ
767 1777 880 1853 μὲν
925 1776 1212 1841 ναίουςιν
1258 1775 1497 1856 ἀκηδέα
1539 1779 1741 1857 θυμόν
1786 1779 2047 1856 ἔχοντες
2190 1793 2293 1843 170

365 1895 452 1912 --
481 1859 551 1924 έν
597 1859 901 1940 μακάρων
946 1860 1185 1938 νήςοιςι
1227 1862 1390 1939 παρ’
1434 1860 1742 1928 Ὠκεανὸν
1788 1863 2146 1943 βαθυδίνην,

365 1981 450 1991 -
480 1941 688 2023 ὄλβιοι
729 1943 966 2023 ἥρωες·
1009 1945 1208 2010 τοῖςιν
1252 1946 1554 2026 μελιηδέα
1598 1946 1845 2027 καρπὸν

370 2064 444 2079 -—
476 2030 609 2108 τρὶς
653 2028 832 2093 ἔτεος
873 2028 1196 2097 θάλλοντα
1238 2030 1425 2109 φέρει
1467 2032 1776 2109 ζείδωρος
1818 2030 2077 2112 ἄρουρα.

450 2114 668 2195 μηκέτ’
711 2112 915 2178 ἔπειτ’
960 2112 1249 2192 ὤφειλον
1295 2113 1425 2190 ἑγὼ
1469 2116 1803 2194 πέμπτοιςι
1846 2118 2123 2195 μετεῖναι
2225 2120 2229 2125 ’

364 2197 693 2276 ἀνδράςιν,
739 2196 892 2261 ἀλλ’
919 2197 959 2275 ἢ
988 2197 1226 2276 πρόςθε
1257 2201 1479 2263 θανεῖν
1508 2198 1547 2277 ἢ
1576 2198 1797 2267 ἔπειτα
1825 2200 2142 2275 γενέςθαι·
2190 2211 2289 2263 175

364 2286 482 2347 νῦν
525 2280 650 2358 γὰρ
693 2280 771 2357 δὴ
815 2282 1008 2353 γένος
1051 2280 1177 2345 ἐστὶ
1215 2282 1539 2358 ,ςιδήρεον-
1587 2280 1740 2348 οὐδέ
1782 2284 1940 2347 ποτ’
1980 2283 2149 2365 ἦμαρ

361 2364 713 2429 παύςονται
755 2362 1035 2442 καμάτου
1079 2358 1183 2430 καὶ
1226 2361 1441 2429 ὀιζύος
1484 2364 1643 2430 οὐὸέ
1683 2386 1743 2428 τι
1784 2367 2037 2446 νύκτωρ

362 2449 800 2529 φθειρόμενοι·
844 2446 1130 2526 χαλεπὰς
1172 2446 1245 2510 δὲ
1287 2447 1425 2512 θεοὶ
1467 2448 1735 2514 δώςουςι
1779 2452 2097 2529 μερίμνας.

325 2584 515 2649 ’ἀλλ’
556 2582 757 2664 ἔμπης
799 2582 902 2647 καὶ
941 2583 1099 2648 τοῐςι
1141 2581 1452 2663 μεμίξεται
1496 2582 1685 2648 ἑςθλὰ
1729 2587 1984 2651 κακοῖςι.

361 2717 527 2783 Ζεὺς
572 2716 640 2781 δ’
683 2716 890 2781 ὀλέςει
931 2717 1038 2780 καὶ
1077 2720 1275 2781 τοῦτο
1319 2717 1508 2791 γένος
1552 2719 1853 2797 μερόπων
1896 2718 2281 2800 ἀνθρώπων,

361 2802 499 2867 εὖτ’
542 2800 623 2866 ἂν
665 2800 1026 2879 γεινόμενοι
1069 2801 1582 2880 πολιοκρόταφοι
1621 2804 1977 2868 τελέθωςιν.
2172 2814 2270 2871 -181

445 2884 602 2951 οὐδὲ
643 2885 850 2962 πατὴρ
894 2884 1211 2951 παίδεςςιν
1253 2884 1502 2962 ὁμοίιος
1546 2884 1700 2951 οὐδέ
1740 2908 1801 2950 τι
1842 2891 2101 2969 παῖδες,

360 2970 517 3035 οὐδὲ
557 2972 768 3035 ξεῖνος
809 2967 1158 3051 ξεινοδόκῳ
1202 2968 1304 3033 καὶ
1348 2967 1599 3048 ἑταῖρος
1641 2969 1905 3055 ἑταίρῳ,

359 3053 930 3130 οὐδὲ-καςίγνητος
972 3052 1164 3131 φίλος
1207 3051 1479 3132 ἔςςεται,
1525 3053 1616 3119 ὡς
1657 3055 1734 3120 τὸ
1778 3055 1987 3134 πάρος
2027 3076 2183 3137 περ·

357 3142 405 3211 C-
435 3134 600 3215 αἶψα
645 3138 717 3201 δὲ
757 3136 1189 3215 γηράςκοντας
1235 3136 1589 3216 ἀτιμήςουςι
1631 3142 1899 3214 τοκῆας·
2180 3150 2278 3204 185

357 3224 404 3292 G
431 3221 790 3297 μέμψονται
835 3220 903 3285 δ’
946 3218 1073 3298 ἄρα
1113 3221 1267 3284 τοὺς
1311 3224 1617 3300 χαλεποῖς
1662 3222 1924 3301 βάζοντ*
1952 3223 2195 3291 ἐπέεςςι

355 3374 426 3386 -—-
457 3351 636 3417 τηλοῦ
671 3345 773 3405 ἀπ’
813 3346 1148 3423 ἀθανάτων,
1185 3360 1374 3409 τοῖσιν
1408 3350 1627 3423 Κρόνος
1663 3350 2021 3425 ἐμβασίλευε.
2180 3364 2281 3415 169

488 3480 544 3519 v.
581 3469 696 3519 186.
729 3468 994 3533 βάζοντες
1030 3472 1217 3529 ἔπεςςι
