2507 3935
321 155 406 220 5ss
1119 155 1457 207 ΗΣΙοΔοΤ

322 360 408 369 -
449 322 624 402 μηδ’
668 321 1138 401 ἐναποψύχειν·
1184 320 1260 385 τὸ
1303 321 1449 399 γὰρ
1494 320 1585 385 οὔ
1629 340 1728 385 τοι
1772 319 2019 385 λώιόν
2066 320 2249 386 ἐςτιν.

407 489 558 554 Ὧδ’
589 489 832 568 ἔρδειν,
876 490 1094 568 δεινὴν
1126 491 1198 553 δὲ
1229 493 1481 568 βροτῶν
1512 487 1913 553 ὑπαλεύεο
1959 486 2251 567 φήμην·

325 575 500 653 φήμη
545 573 668 653 γάρ
711 594 780 637 τε
823 575 978 651 κακὴ
1025 572 1317 650 πέλεται,
1362 573 1575 653 κούφη
1621 574 1735 652 μὲν
1780 571 1989 650 ἀεῖραι
2152 581 2247 632 761

327 657 469 736 ῥεῖα
511 657 634 736 μάλ
651 661 689 734 ²,
734 656 1012 736 ἀργαλέη
1057 658 1129 721 δὲ
1171 657 1427 736 φέρειν,
1482 658 1728 736 χαλεπὴ
1775 657 1842 720 δ’
1886 655 2248 720 ἀποθέςθαι.

413 824 623 903 Φήμη
669 825 735 886 δ’
767 824 845 887 οὔ
875 843 966 888 τις
996 823 1262 901 πάμπαν
1308 823 1684 901 ἀπόλλυται,
1727 823 1808 900 ἥν
1848 843 1993 887 τινα
2020 823 2254 888 πολλοὶ

327 907 472 973 λαοὶ
513 907 873 988 φημίζουςι·
921 906 1102 972 θεός
1144 906 1234 972 νύ
1278 927 1393 971 τις
1436 908 1563 973 ἐςτὶ
1608 909 1708 972 καὶ
1752 907 1927 985 αὐτή.

409 1157 704 1238 Ἤματα
756 1157 822 1222 δ’
865 1157 937 1223 ἐκ
990 1158 1231 1223 Διόθεν
1288 1157 1911 1237 πεφυλαγμένος
1966 1155 2038 1221 εὖ
2096 1157 2254 1220 κατὰ

328 1243 740 1406 πεφραδέμεν
784 1325 1078 1403 δμώεςςι·
1120 1325 1425 1404 τριηκάδα
1466 1326 1666 1402 μηνὸς
1708 1245 1983 1404 ἓέίῖξηονν
2154 1249 2255 1301 765

329 1407 486 1488 ἔργα
526 1411 596 1474 τ’
641 1409 1018 1474 ἐποπτεύειν
1065 1407 1178 1486 ἠδ’
1221 1408 1532 1488 ἁρμαλιὴν
1573 1410 1929 1487 δατέαςθαι,

329 1491 468 1558 εὖτ’
511 1493 592 1558 ἂν
637 1492 936 1571 ἀληθείην
981 1493 1129 1557 λαοὶ
1170 1493 1497 1572 κρίνοντες
1540 1492 1791 1569 ἄγωςιν.

411 1661 589 1726 Αἵδε
632 1661 756 1740 γὰρ
800 1661 1081 1739 ἡμέραι
1124 1658 1267 1724 εἰςὶ
1309 1661 1474 1725 Διὸς
1517 1661 1691 1739 παρὰ
1734 1661 2117 1739 μητιόεντος.
2226 1739 2229 1742 ⁴

329 1749 592 1824 πρῶτον
639 1745 752 1822 ἔνη
795 1744 1020 1821 τετράς
1061 1763 1131 1808 τε
1175 1744 1275 1807 καὶ
1320 1743 1552 1824 ἑβδόμη
1597 1744 1774 1822 ἱερὸν
1820 1743 2017 1822 ἦμαρ,
2154 1753 2255 1804 770

327 1863 413 1874 --
453 1834 529 1910 τῇ
573 1827 696 1906 γὰρ
739 1826 1122 1891 Ἀπόλλωνα
1165 1827 1489 1908 χρυςάορα
1529 1827 1785 1902 γείνατο
1828 1829 2012 1906 Λητω
2056 1862 2142 1874 -

331 1890 612 1991 ὀγδοάτη
656 1911 720 1974 τ’
765 1910 955 1990 ἐνάτη
1000 1930 1096 1977 τε·
1142 1911 1277 1975 δύω
1321 1929 1395 1987 γε
1438 1913 1553 1990 μὲν
1598 1911 1805 1991 ἤματα
1846 1913 2047 1991 μηνὸς

329 1994 506 2074 ἔξοχ’
550 1996 923 2073 ἀεξομένοιο
971 1996 1269 2075 βροτήςια
1314 1994 1471 2074 ἔργα
1512 1996 1839 2061 πένεςθαι·

329 2078 628 2157 ἑνδεκάτη
673 2098 743 2145 τε
787 2080 1154 2157 δυωδεκάτη
1196 2079 1260 2143 τ’
1277 2078 1529 2160 ·ἄμφω
1572 2100 1647 2157 γε
1690 2081 1803 2158 μὲν
1848 2078 2092 2157 ἐςθλαί,

327 2163 366 2241 ἢ
411 2165 527 2241 μὲν
571 2162 668 2227 ὄις
711 2163 970 2241 πείκειν,
1013 2164 1052 2243 ἣ
1097 2164 1165 2227 δ’
1195 2163 1489 2242 εὔφρονα
1532 2166 1781 2242 καρπὸν
1827 2163 2121 2243 ἀμᾶςθαι·
2152 2172 2253 2224 775

325 2246 366 2323 ἡ
412 2248 485 2310 δὲ
528 2247 893 2326 δυωδεκάτη
936 2252 1048 2324 τῆς
1092 2246 1430 2326 ἑνδεκάτης
1474 2248 1619 2327 μέγ’
1650 2246 1956 2325 ἀμείνων·

325 2335 402 2411 τῇ
445 2330 569 2407 γάρ
612 2348 713 2393 τοι
756 2334 854 2393 νεῖ
896 2330 1129 2408 νήματ’
1173 2330 1631 2437 ἀερςιπότητος
1674 2330 1957 2410 ἀράχνης
2052 2400 2061 2407 ,

326 2412 569 2491 ἤματος
612 2412 684 2477 ἐκ
725 2412 984 2489 πλείου,
1030 2411 1138 2477 ὅτε
1182 2414 1247 2477 τ’
1289 2412 1449 2492 ἴδρις
1496 2415 1708 2493 ςωρὸν
1754 2414 2011 2493 ἀμᾶται·

325 2502 403 2581 τῇ
448 2497 516 2561 δ’
557 2496 730 2562 ίςτόν
775 2498 1057 2575 ςτήςαιτο
1102 2498 1263 2575 γυνὴ
1308 2498 1701 2578 προβάλοιτό
1743 2518 1815 2563 τε
1859 2498 2073 2577 ἔργον.

411 2581 610 2659 μηνὸς
651 2582 720 2644 δ’
761 2580 1098 2659 ιςταμένου
1141 2582 1647 2661 τριςκαιδεκάτην
1691 2584 2065 2648 ἀλέαςθαι
2154 2592 2255 2645 780

329 2665 686 2744 ςπέρματος
729 2664 1054 2744 ἄρξαςθαι·
1113 2666 1288 2745 φυτὰ
1330 2666 1395 2728 δ’
1438 2660 1863 2745 ἐνθρέψαςθαι
1906 2666 2140 2747 ἀρίςτη.

411 2748 556 2827 ἕκτη
601 2748 669 2812 δ’
711 2749 750 2827 ἡ
795 2750 978 2828 μέςςη
1024 2749 1178 2829 μάλ’
1223 2750 1597 2856 ἀςύμφορός
1641 2752 1765 2815 ἐςτι
1808 2755 2123 2831 φυτοῖςιν,

328 2831 731 2910 ἀνδρογόνος
776 2833 845 2897 δ’
887 2832 1121 2912 ἀγαθή-
1157 2834 1367 2937 κούρη
1415 2834 1481 2897 δ’
1525 2834 1605 2897 οὐ
1652 2835 1979 2915 ςύμφορός
2022 2835 2211 2913 ἐςτιν,

328 2914 480 2980 οὔτε
522 2914 811 2991 γενέςθαι
853 2915 1064 2994 πρῶτ’
1109 2914 1257 2981 οὔτ’
1300 2894 1380 2995 ἂρ
1422 2916 1630 2995 γάμου
1676 2918 2101 2997 ἀντιβολῆςαι.

413 2999 566 3065 οὐδὲ
609 3000 724 3081 μὲν
767 3000 806 3078 ἡ
851 2999 1076 3079 πρώτη
1123 2999 1267 3079 ἕκτη
1312 3000 1513 3084 κούρῃ
1544 3002 1577 3050 †
1604 3022 1673 3066 τε
1715 3003 2005 3076 γενέςθαι
2154 3011 2253 3063 785

327 3081 635 3163 ἄρμενος,
681 3083 832 3147 ἀλλ’
860 3083 1126 3165 ἐρίφους
1166 3085 1429 3166 τάμνειν
1472 3087 1575 3151 καὶ
1616 3087 1800 3153 πώεα
1840 3088 2086 3165 μήλων,

463 3316 513 3348 v.
549 3303 650 3351 764
685 3316 767 3366 sq
805 3300 932 3353 λαοὶ
961 3302 971 3363 1
1001 3302 1204 3354 πολλοὶ
1239 3318 1323 3368 φη
1329 3300 1519 3366 μίξωςι
1720 3321 1773 3356 v.
1800 3306 1914 3357 768.
1952 3302 2185 3371 ἀληθείῃ

327 3367 644 3493 ἔυὲἑέρόνςῆ
853 3370 1020 3422 .7.81
1067 3369 1355 3435 ςπέρματα
1398 3368 1685 3424 δάςςαςθαι
1854 3388 1907 3429 v,
1945 3374 2061 3424 782.
2107 3372 2256 3437 μάλα
