<?xml version="1.0" encoding="UTF-8"?>
<!DOCTYPE html PUBLIC "-//W3C//DTD XHTML 1.0 Transitional//EN"
    "http://www.w3.org/TR/xhtml1/DTD/xhtml1-transitional.dtd">
<html xmlns="http://www.w3.org/1999/xhtml" xml:lang="en" lang="en">
 <head>
  <title>
</title>
<meta http-equiv="Content-Type" content="text/html;charset=utf-8" />
  <meta name='ocr-system' content='tesseract 3.04.00' />
  <meta name='ocr-capabilities' content='ocr_page ocr_carea ocr_par ocr_line ocrx_word'/>
</head>
<body>
  <div class='ocr_page' id='page_1' title='image "./hesiodeaquaefer00kcgoog_0070.png"; bbox 0 0 2507 3935; ppageno 0'>
   <div class='ocr_carea' id='block_1_1' title="bbox 353 213 1475 295">
    <p class='ocr_par' dir='ltr' id='par_1_1' title="bbox 353 213 1475 295">
     <span class='ocr_line' id='line_1_1' title="bbox 353 213 1475 295; baseline 0.001 -30"><span class='ocrx_word' id='word_1_1' title='bbox 353 214 438 279; x_wconf 83' lang='lat'>62</span> <span class='ocrx_word' id='word_1_2' title='bbox 991 279 1006 295; x_wconf 38' lang='lat' dir='ltr'><em>l</em></span> <span class='ocrx_word' id='word_1_3' title='bbox 1136 213 1475 266; x_wconf 77' lang='grc' dir='ltr'>ΗΣῙοΔοΤ</span> 
     </span>
    </p>
   </div>
   <div class='ocr_carea' id='block_1_2' title="bbox 353 381 2176 545">
    <p class='ocr_par' dir='ltr' id='par_1_2' title="bbox 353 381 2142 545">
     <span class='ocr_line' id='line_1_2' title="bbox 356 381 1830 489; baseline -0.001 -42"><span class='ocrx_word' id='word_1_4' title='bbox 356 381 630 461; x_wconf 83' lang='grc' dir='ltr'>ῥιγηλοί,</span> <span class='ocrx_word' id='word_1_5' title='bbox 673 381 984 448; x_wconf 79' lang='grc' dir='ltr'>θανάτοιο</span> <span class='ocrx_word' id='word_1_6' title='bbox 1027 381 1488 489; x_wconf 66' lang='grc' dir='ltr'>λαθιφθόγγοιο</span> <span class='ocrx_word' id='word_1_7' title='bbox 1532 383 1830 458; x_wconf 87' lang='grc' dir='ltr'>δοτῆρες·</span> 
     </span>
     <span class='ocr_line' id='line_1_3' title="bbox 353 464 2176 545; baseline 0.001 -16"><span class='ocrx_word' id='word_1_8' title='bbox 353 467 628 544; x_wconf 91' lang='grc' dir='ltr'>πρόςθεν</span> <span class='ocrx_word' id='word_1_9' title='bbox 675 468 789 545; x_wconf 79' lang='grc' dir='ltr'>μὲν</span> <span class='ocrx_word' id='word_1_10' title='bbox 835 466 1116 530; x_wconf 89' lang='grc' dir='ltr'>θάνατόν</span> <span class='ocrx_word' id='word_1_11' title='bbox 1160 467 1226 529; x_wconf 84' lang='grc' dir='ltr'>τ’</span> <span class='ocrx_word' id='word_1_12' title='bbox 1270 464 1483 544; x_wconf 68' lang='grc' dir='ltr'>εἶχον</span> <span class='ocrx_word' id='word_1_13' title='bbox 1494 465 1604 532; x_wconf 59' lang='grc' dir='ltr'>καὶ</span> <span class='ocrx_word' id='word_1_14' title='bbox 1636 465 1893 543; x_wconf 86' lang='grc' dir='ltr'>δάκρυςι</span> <span class='ocrx_word' id='word_1_15' title='bbox 1937 467 2176 544; x_wconf 83' lang='grc' dir='ltr'>μῦρον,</span> 
     </span>
    </p>
   </div>
   <div class='ocr_carea' id='block_1_3' title="bbox 289 547 2280 1271">
    <p class='ocr_par' dir='ltr' id='par_1_3' title="bbox 351 547 2280 964">
     <span class='ocr_line' id='line_1_4' title="bbox 355 547 1887 629; baseline 0 -15"><span class='ocrx_word' id='word_1_16' title='bbox 355 551 564 629; x_wconf 87' lang='grc' dir='ltr'>μέςςοι</span> <span class='ocrx_word' id='word_1_17' title='bbox 607 552 680 614; x_wconf 83' lang='grc' dir='ltr'>δὲ</span> <span class='ocrx_word' id='word_1_18' title='bbox 723 551 928 616; x_wconf 84' lang='grc' dir='ltr'>ξεςτοῖ</span> <span class='ocrx_word' id='word_1_19' title='bbox 969 551 1366 628; x_wconf 91' lang='grc' dir='ltr'>περιμήκεες,</span> <span class='ocrx_word' id='word_1_20' title='bbox 1412 547 1611 626; x_wconf 83' lang='grc' dir='ltr'>αὐτὰρ</span> <span class='ocrx_word' id='word_1_21' title='bbox 1654 548 1887 614; x_wconf 66' lang='grc' dir='ltr'>ὄπισθε</span> 
     </span>
     <span class='ocr_line' id='line_1_5' title="bbox 353 632 1977 714; baseline -0.001 -15"><span class='ocrx_word' id='word_1_22' title='bbox 353 636 674 714; x_wconf 88' lang='grc' dir='ltr'>μορφνοῖο</span> <span class='ocrx_word' id='word_1_23' title='bbox 718 633 1012 714; x_wconf 84' lang='grc' dir='ltr'>φλεγύαο</span> <span class='ocrx_word' id='word_1_24' title='bbox 1056 634 1528 712; x_wconf 82' lang='grc' dir='ltr'>καλυπτόμενοι</span> <span class='ocrx_word' id='word_1_25' title='bbox 1569 632 1977 710; x_wconf 86' lang='grc' dir='ltr'>πτερύγεςςιν</span> 
     </span>
     <span class='ocr_line' id='line_1_6' title="bbox 352 715 2277 800; baseline -0.002 -17"><span class='ocrx_word' id='word_1_26' title='bbox 352 717 584 794; x_wconf 60' lang='grc' dir='ltr'>ῒῆςαν·</span> <span class='ocrx_word' id='word_1_27' title='bbox 631 719 668 783; x_wconf 91' lang='grc' dir='ltr'>ὃ</span> <span class='ocrx_word' id='word_1_28' title='bbox 700 719 767 781; x_wconf 85' lang='grc' dir='ltr'>δ’</span> <span class='ocrx_word' id='word_1_29' title='bbox 797 717 1107 796; x_wconf 86' lang='grc' dir='ltr'>ὄμβριμον</span> <span class='ocrx_word' id='word_1_30' title='bbox 1152 715 1343 794; x_wconf 85' lang='grc' dir='ltr'>ἔγχος</span> <span class='ocrx_word' id='word_1_31' title='bbox 1386 716 1748 795; x_wconf 85' lang='grc' dir='ltr'>ἀκαχμένον</span> <span class='ocrx_word' id='word_1_32' title='bbox 1788 716 2007 780; x_wconf 85' lang='grc' dir='ltr'>αἴθοπι</span> <span class='ocrx_word' id='word_1_33' title='bbox 2039 719 2277 800; x_wconf 85' lang='grc' dir='ltr'>χαλκῷ,</span> 
     </span>
     <span class='ocr_line' id='line_1_7' title="bbox 351 800 2280 884; baseline -0.003 -19"><span class='ocrx_word' id='word_1_34' title='bbox 351 803 529 879; x_wconf 89' lang='grc' dir='ltr'>κρατὶ</span> <span class='ocrx_word' id='word_1_35' title='bbox 573 801 641 865; x_wconf 76' lang='grc' dir='ltr'>δ’</span> <span class='ocrx_word' id='word_1_36' title='bbox 686 800 797 865; x_wconf 77' lang='grc' dir='ltr'>ἐπ’</span> <span class='ocrx_word' id='word_1_37' title='bbox 843 801 1075 884; x_wconf 86' lang='grc' dir='ltr'>ἰφθίμῳ</span> <span class='ocrx_word' id='word_1_38' title='bbox 1121 801 1357 879; x_wconf 80' lang='grc' dir='ltr'>κυνέην</span> <span class='ocrx_word' id='word_1_39' title='bbox 1402 801 1705 866; x_wconf 87' lang='grc' dir='ltr'>εὔτυκτον</span> <span class='ocrx_word' id='word_1_40' title='bbox 1752 801 1973 879; x_wconf 88' lang='grc' dir='ltr'>ἔθηκε,</span> <span class='ocrx_word' id='word_1_41' title='bbox 2180 809 2280 861; x_wconf 84' lang='grc'>136</span> 
     </span>
     <span class='ocr_line' id='line_1_8' title="bbox 353 864 2069 964; baseline -0.001 -14"><span class='ocrx_word' id='word_1_42' title='bbox 353 886 712 962; x_wconf 78' lang='grc' dir='ltr'>δαιδαλέην,</span> <span class='ocrx_word' id='word_1_43' title='bbox 757 864 1152 964; x_wconf 88' lang='grc' dir='ltr'>ἀδάμαντος,</span> <span class='ocrx_word' id='word_1_44' title='bbox 1195 884 1298 948; x_wconf 80' lang='grc' dir='ltr'>ἐπὶ</span> <span class='ocrx_word' id='word_1_45' title='bbox 1340 885 1693 962; x_wconf 82' lang='grc' dir='ltr'>κροτάφοις</span> <span class='ocrx_word' id='word_1_46' title='bbox 1737 883 2069 963; x_wconf 83' lang='grc' dir='ltr'>ἀραρυῖαν,</span> 
     </span>
    </p>

    <p class='ocr_par' dir='ltr' id='par_1_4' title="bbox 289 967 2279 1214">
     <span class='ocr_line' id='line_1_9' title="bbox 351 967 1615 1050; baseline 0 -18"><span class='ocrx_word' id='word_1_47' title='bbox 351 969 392 1047; x_wconf 90' lang='grc' dir='ltr'>ἥ</span> <span class='ocrx_word' id='word_1_48' title='bbox 436 969 502 1032; x_wconf 77' lang='grc' dir='ltr'>τ’</span> <span class='ocrx_word' id='word_1_49' title='bbox 544 967 758 1045; x_wconf 84' lang='grc' dir='ltr'>εἴρυτο</span> <span class='ocrx_word' id='word_1_50' title='bbox 803 969 961 1047; x_wconf 90' lang='grc' dir='ltr'>κάρη</span> <span class='ocrx_word' id='word_1_51' title='bbox 1005 969 1357 1050; x_wconf 85' lang='grc' dir='ltr'>Ἡρακλῆος</span> <span class='ocrx_word' id='word_1_52' title='bbox 1399 969 1615 1032; x_wconf 88' lang='grc' dir='ltr'>θείοιο.</span> 
     </span>
     <span class='ocr_line' id='line_1_10' title="bbox 289 1051 2277 1130; baseline 0.001 -15"><span class='ocrx_word' id='word_1_53' title='bbox 289 1051 302 1058; x_wconf 81' lang='grc'><em>“</em></span> <span class='ocrx_word' id='word_1_54' title='bbox 435 1053 606 1130; x_wconf 90' lang='grc' dir='ltr'>χερςί</span> <span class='ocrx_word' id='word_1_55' title='bbox 647 1071 722 1127; x_wconf 93' lang='grc' dir='ltr'>γε</span> <span class='ocrx_word' id='word_1_56' title='bbox 762 1053 878 1128; x_wconf 81' lang='grc' dir='ltr'>μὲν</span> <span class='ocrx_word' id='word_1_57' title='bbox 923 1052 1111 1116; x_wconf 90' lang='grc' dir='ltr'>ςάκος</span> <span class='ocrx_word' id='word_1_58' title='bbox 1156 1051 1286 1116; x_wconf 82' lang='grc' dir='ltr'>εἷλε</span> <span class='ocrx_word' id='word_1_59' title='bbox 1330 1052 1721 1116; x_wconf 89' lang='grc' dir='ltr'>παναίολον·</span> <span class='ocrx_word' id='word_1_60' title='bbox 1782 1051 1937 1115; x_wconf 86' lang='grc' dir='ltr'>οὐδέ</span> <span class='ocrx_word' id='word_1_61' title='bbox 1979 1072 2071 1116; x_wconf 91' lang='grc' dir='ltr'>τις</span> <span class='ocrx_word' id='word_1_62' title='bbox 2116 1051 2277 1116; x_wconf 84' lang='grc' dir='ltr'>αὐτὸ</span> 
     </span>
     <span class='ocr_line' id='line_1_11' title="bbox 353 1133 2279 1271; baseline -0.002 -71"><span class='ocrx_word' id='word_1_63' title='bbox 353 1135 503 1200; x_wconf 78' lang='grc' dir='ltr'>οὔτ’</span> <span class='ocrx_word' id='word_1_64' title='bbox 545 1135 768 1214; x_wconf 82' lang='grc' dir='ltr'>ἔρρηξε</span> <span class='ocrx_word' id='word_1_65' title='bbox 815 1136 1032 1214; x_wconf 83' lang='grc' dir='ltr'>βαλὼν</span> <span class='ocrx_word' id='word_1_66' title='bbox 1076 1133 1222 1199; x_wconf 75' lang='grc' dir='ltr'>οὔτ’</span> <span class='ocrx_word' id='word_1_67' title='bbox 1267 1135 1526 1213; x_wconf 85' lang='grc' dir='ltr'>ἔθλαςε,</span> <span class='ocrx_word' id='word_1_68' title='bbox 1570 1139 1777 1271; x_wconf 84' lang='grc' dir='ltr'>θαῦμα</span> <span class='ocrx_word' id='word_1_69' title='bbox 1820 1135 2072 1200; x_wconf 87' lang='grc' dir='ltr'>ἰδέςθαι.</span> <span class='ocrx_word' id='word_1_70' title='bbox 2180 1145 2279 1196; x_wconf 79' lang='grc'>140</span> 
     </span>
    </p>
   </div>
   <div class='ocr_carea' id='block_1_4' title="bbox 337 1301 2274 3308">
    <p class='ocr_par' dir='ltr' id='par_1_5' title="bbox 350 1301 2132 1549">
     <span class='ocr_line' id='line_1_12' title="bbox 434 1301 2132 1387; baseline 0.001 -21"><span class='ocrx_word' id='word_1_71' title='bbox 434 1307 564 1368; x_wconf 88' lang='grc' dir='ltr'>πᾶν</span> <span class='ocrx_word' id='word_1_72' title='bbox 608 1305 722 1380; x_wconf 83' lang='grc' dir='ltr'>μὲν</span> <span class='ocrx_word' id='word_1_73' title='bbox 765 1303 888 1380; x_wconf 88' lang='grc' dir='ltr'>γὰρ</span> <span class='ocrx_word' id='word_1_74' title='bbox 932 1303 1144 1387; x_wconf 81' lang='grc' dir='ltr'>κύκλῳ</span> <span class='ocrx_word' id='word_1_75' title='bbox 1187 1303 1420 1386; x_wconf 87' lang='grc' dir='ltr'>τιτάνῳ</span> <span class='ocrx_word' id='word_1_76' title='bbox 1467 1307 1673 1386; x_wconf 83' lang='grc' dir='ltr'>λευκῷ</span> <span class='ocrx_word' id='word_1_77' title='bbox 1718 1303 1785 1367; x_wconf 80' lang='grc' dir='ltr'>τ’</span> <span class='ocrx_word' id='word_1_78' title='bbox 1830 1301 2132 1381; x_wconf 84' lang='grc' dir='ltr'>ἐλέφαντι</span> 
     </span>
     <span class='ocr_line' id='line_1_13' title="bbox 350 1367 1980 1469; baseline 0 -20"><span class='ocrx_word' id='word_1_79' title='bbox 350 1385 636 1469; x_wconf 82' lang='grc' dir='ltr'>ἠλέκτρῳ</span> <span class='ocrx_word' id='word_1_80' title='bbox 680 1387 747 1450; x_wconf 79' lang='grc' dir='ltr'>θ’</span> <span class='ocrx_word' id='word_1_81' title='bbox 776 1367 1177 1464; x_wconf 83' lang='grc' dir='ltr'>ὑπολαμπες</span> <span class='ocrx_word' id='word_1_82' title='bbox 1195 1387 1329 1464; x_wconf 79' lang='grc' dir='ltr'>ἔην,</span> <span class='ocrx_word' id='word_1_83' title='bbox 1363 1393 1573 1469; x_wconf 84' lang='grc' dir='ltr'>χρυςῷ</span> <span class='ocrx_word' id='word_1_84' title='bbox 1617 1405 1685 1450; x_wconf 94' lang='grc' dir='ltr'>τε</span> <span class='ocrx_word' id='word_1_85' title='bbox 1730 1393 1980 1468; x_wconf 83' lang='grc' dir='ltr'>φαεινῷ</span> 
     </span>
     <span class='ocr_line' id='line_1_14' title="bbox 355 1469 2002 1549; baseline 0 -15"><span class='ocrx_word' id='word_1_86' title='bbox 355 1470 790 1549; x_wconf 89' lang='grc' dir='ltr'>λαμπόμενον,</span> <span class='ocrx_word' id='word_1_87' title='bbox 837 1469 1081 1537; x_wconf 91' lang='grc' dir='ltr'>κυάνου</span> <span class='ocrx_word' id='word_1_88' title='bbox 1125 1471 1196 1534; x_wconf 78' lang='grc' dir='ltr'>δὲ</span> <span class='ocrx_word' id='word_1_89' title='bbox 1239 1471 1345 1534; x_wconf 89' lang='grc' dir='ltr'>διὰ</span> <span class='ocrx_word' id='word_1_90' title='bbox 1388 1471 1623 1548; x_wconf 87' lang='grc' dir='ltr'>πτύχες</span> <span class='ocrx_word' id='word_1_91' title='bbox 1663 1469 2002 1547; x_wconf 85' lang='grc' dir='ltr'>ἠλήλαντο.</span> 
     </span>
    </p>

    <p class='ocr_par' dir='ltr' id='par_1_6' title="bbox 346 1553 2274 2386">
     <span class='ocr_line' id='line_1_15' title="bbox 439 1553 2248 1634; baseline 0 -16"><span class='ocrx_word' id='word_1_92' title='bbox 439 1553 510 1618; x_wconf 81' lang='grc' dir='ltr'>ἐν</span> <span class='ocrx_word' id='word_1_93' title='bbox 555 1555 756 1634; x_wconf 90' lang='grc' dir='ltr'>μέςςῳ</span> <span class='ocrx_word' id='word_1_94' title='bbox 801 1555 874 1617; x_wconf 80' lang='grc' dir='ltr'>δὲ</span> <span class='ocrx_word' id='word_1_95' title='bbox 917 1553 1273 1632; x_wconf 89' lang='grc' dir='ltr'>δράκοντος</span> <span class='ocrx_word' id='word_1_96' title='bbox 1319 1553 1431 1632; x_wconf 90' lang='grc' dir='ltr'>ἔην</span> <span class='ocrx_word' id='word_1_97' title='bbox 1475 1553 1687 1634; x_wconf 87' lang='grc' dir='ltr'>φόβος</span> <span class='ocrx_word' id='word_1_98' title='bbox 1730 1553 1809 1617; x_wconf 80' lang='grc' dir='ltr'>οὔ</span> <span class='ocrx_word' id='word_1_99' title='bbox 1852 1574 1910 1616; x_wconf 90' lang='grc' dir='ltr'>τι</span> <span class='ocrx_word' id='word_1_100' title='bbox 1952 1554 2248 1633; x_wconf 89' lang='grc' dir='ltr'>φατειός,</span> 
     </span>
     <span class='ocr_line' id='line_1_16' title="bbox 349 1637 2274 1718; baseline -0.003 -14"><span class='ocrx_word' id='word_1_101' title='bbox 349 1637 620 1718; x_wconf 83' lang='grc' dir='ltr'>ἔμπαλιν</span> <span class='ocrx_word' id='word_1_102' title='bbox 667 1637 935 1711; x_wconf 83' lang='grc' dir='ltr'>ὅςςοιςιν</span> <span class='ocrx_word' id='word_1_103' title='bbox 978 1638 1129 1715; x_wconf 83' lang='grc' dir='ltr'>πυρὶ</span> <span class='ocrx_word' id='word_1_104' title='bbox 1170 1637 1625 1718; x_wconf 87' lang='grc' dir='ltr'>λαμπομένοιςι</span> <span class='ocrx_word' id='word_1_105' title='bbox 1668 1637 2022 1716; x_wconf 85' lang='grc' dir='ltr'>δεδορκώς·</span> <span class='ocrx_word' id='word_1_106' title='bbox 2178 1645 2274 1698; x_wconf 82' lang='grc'>145</span> 
     </span>
     <span class='ocr_line' id='line_1_17' title="bbox 347 1720 2188 1799; baseline 0 -13"><span class='ocrx_word' id='word_1_107' title='bbox 347 1727 465 1786; x_wconf 84' lang='grc' dir='ltr'>τοῦ</span> <span class='ocrx_word' id='word_1_108' title='bbox 508 1721 610 1785; x_wconf 86' lang='grc' dir='ltr'>καὶ</span> <span class='ocrx_word' id='word_1_109' title='bbox 652 1721 943 1787; x_wconf 88' lang='grc' dir='ltr'>ὀδόντων</span> <span class='ocrx_word' id='word_1_110' title='bbox 985 1722 1100 1798; x_wconf 81' lang='grc' dir='ltr'>μὲν</span> <span class='ocrx_word' id='word_1_111' title='bbox 1145 1725 1351 1798; x_wconf 86' lang='grc' dir='ltr'>πλῆτο</span> <span class='ocrx_word' id='word_1_112' title='bbox 1397 1722 1591 1798; x_wconf 90' lang='grc' dir='ltr'>ςτόμα</span> <span class='ocrx_word' id='word_1_113' title='bbox 1635 1720 1827 1786; x_wconf 87' lang='grc' dir='ltr'>λευκὰ</span> <span class='ocrx_word' id='word_1_114' title='bbox 1868 1721 2188 1799; x_wconf 87' lang='grc' dir='ltr'>θεόντων,</span> 
     </span>
     <span class='ocr_line' id='line_1_18' title="bbox 350 1803 1972 1883; baseline 0 -15"><span class='ocrx_word' id='word_1_115' title='bbox 350 1811 605 1880; x_wconf 84' lang='grc' dir='ltr'>δεινῶν,</span> <span class='ocrx_word' id='word_1_116' title='bbox 650 1803 976 1883; x_wconf 84' lang='grc' dir='ltr'>ἀπλήτων,</span> <span class='ocrx_word' id='word_1_117' title='bbox 1015 1805 1121 1868; x_wconf 80' lang='grc' dir='ltr'>ἐπὶ</span> <span class='ocrx_word' id='word_1_118' title='bbox 1162 1806 1234 1868; x_wconf 81' lang='grc' dir='ltr'>δὲ</span> <span class='ocrx_word' id='word_1_119' title='bbox 1280 1808 1623 1883; x_wconf 90' lang='grc' dir='ltr'>βλοςυροῖο</span> <span class='ocrx_word' id='word_1_120' title='bbox 1669 1805 1972 1881; x_wconf 88' lang='grc' dir='ltr'>μετώπου</span> 
     </span>
     <span class='ocr_line' id='line_1_19' title="bbox 349 1887 2117 1966; baseline 0.002 -16"><span class='ocrx_word' id='word_1_121' title='bbox 349 1890 524 1965; x_wconf 89' lang='grc' dir='ltr'>δεινὴ</span> <span class='ocrx_word' id='word_1_122' title='bbox 572 1888 699 1964; x_wconf 83' lang='grc' dir='ltr'>ἔρις</span> <span class='ocrx_word' id='word_1_123' title='bbox 742 1887 1065 1965; x_wconf 88' lang='grc' dir='ltr'>πεπότητο</span> <span class='ocrx_word' id='word_1_124' title='bbox 1118 1888 1509 1966; x_wconf 90' lang='grc' dir='ltr'>κορύςςουςα</span> <span class='ocrx_word' id='word_1_125' title='bbox 1552 1888 1790 1954; x_wconf 88' lang='grc' dir='ltr'>κλόνον</span> <span class='ocrx_word' id='word_1_126' title='bbox 1834 1888 2117 1966; x_wconf 85' lang='grc' dir='ltr'>ἀνδρῶν,</span> 
     </span>
     <span class='ocr_line' id='line_1_20' title="bbox 350 1970 2269 2053; baseline 0.001 -17"><span class='ocrx_word' id='word_1_127' title='bbox 350 1972 628 2050; x_wconf 88' lang='grc' dir='ltr'>ςχετλίη,</span> <span class='ocrx_word' id='word_1_128' title='bbox 682 1971 722 2049; x_wconf 90' lang='grc' dir='ltr'>ἥ</span> <span class='ocrx_word' id='word_1_129' title='bbox 769 1972 851 2051; x_wconf 79' lang='grc' dir='ltr'>ῥα</span> <span class='ocrx_word' id='word_1_130' title='bbox 893 1972 1055 2037; x_wconf 92' lang='grc' dir='ltr'>νόον</span> <span class='ocrx_word' id='word_1_131' title='bbox 1099 1992 1168 2037; x_wconf 92' lang='grc' dir='ltr'>τε</span> <span class='ocrx_word' id='word_1_132' title='bbox 1212 1974 1313 2037; x_wconf 88' lang='grc' dir='ltr'>καὶ</span> <span class='ocrx_word' id='word_1_133' title='bbox 1355 1973 1425 2038; x_wconf 83' lang='grc' dir='ltr'>ἐκ</span> <span class='ocrx_word' id='word_1_134' title='bbox 1467 1974 1714 2053; x_wconf 87' lang='grc' dir='ltr'>φρένας</span> <span class='ocrx_word' id='word_1_135' title='bbox 1758 1970 1963 2037; x_wconf 78' lang='grc' dir='ltr'>εἵλετο</span> <span class='ocrx_word' id='word_1_136' title='bbox 2008 1977 2269 2053; x_wconf 84' lang='grc' dir='ltr'>φωτῶν,</span> 
     </span>
     <span class='ocr_line' id='line_1_21' title="bbox 350 2055 2272 2137; baseline -0.001 -17"><span class='ocrx_word' id='word_1_137' title='bbox 350 2055 415 2120; x_wconf 79' lang='grc' dir='ltr'>οἵ</span> <span class='ocrx_word' id='word_1_138' title='bbox 456 2076 624 2123; x_wconf 91' lang='grc' dir='ltr'>τινες</span> <span class='ocrx_word' id='word_1_139' title='bbox 667 2056 949 2136; x_wconf 87' lang='grc' dir='ltr'>ἀντιβίην</span> <span class='ocrx_word' id='word_1_140' title='bbox 993 2056 1282 2134; x_wconf 90' lang='grc' dir='ltr'>πόλεμον</span> <span class='ocrx_word' id='word_1_141' title='bbox 1328 2058 1493 2122; x_wconf 87' lang='grc' dir='ltr'>Διὸς</span> <span class='ocrx_word' id='word_1_142' title='bbox 1535 2056 1621 2121; x_wconf 82' lang='grc' dir='ltr'>υἷι</span> <span class='ocrx_word' id='word_1_143' title='bbox 1664 2058 1961 2137; x_wconf 88' lang='grc' dir='ltr'>φέροιεν·</span> <span class='ocrx_word' id='word_1_144' title='bbox 2174 2065 2272 2119; x_wconf 87' lang='grc'>150</span> 
     </span>
     <span class='ocr_line' id='line_1_22' title="bbox 346 2139 2038 2219; baseline 0.001 -16"><span class='ocrx_word' id='word_1_145' title='bbox 346 2145 480 2205; x_wconf 84' lang='grc' dir='ltr'>τῶν</span> <span class='ocrx_word' id='word_1_146' title='bbox 527 2140 626 2205; x_wconf 80' lang='grc' dir='ltr'>καὶ</span> <span class='ocrx_word' id='word_1_147' title='bbox 670 2142 870 2219; x_wconf 89' lang='grc' dir='ltr'>ψυχαὶ</span> <span class='ocrx_word' id='word_1_148' title='bbox 912 2141 1028 2218; x_wconf 80' lang='grc' dir='ltr'>μὲν</span> <span class='ocrx_word' id='word_1_149' title='bbox 1074 2139 1279 2219; x_wconf 88' lang='grc' dir='ltr'>χθόνα</span> <span class='ocrx_word' id='word_1_150' title='bbox 1322 2140 1585 2205; x_wconf 76' lang='grc' dir='ltr'>δύνους’</span> <span class='ocrx_word' id='word_1_151' title='bbox 1628 2142 1847 2205; x_wconf 86' lang='grc' dir='ltr'>Ἄιδος</span> <span class='ocrx_word' id='word_1_152' title='bbox 1886 2140 2038 2205; x_wconf 87' lang='grc' dir='ltr'>εἴςω</span> 
     </span>
     <span class='ocr_line' id='line_1_23' title="bbox 346 2223 1867 2304; baseline 0 -17"><span class='ocrx_word' id='word_1_153' title='bbox 346 2223 589 2289; x_wconf 82' lang='grc' dir='ltr'>αὐτῶν·</span> <span class='ocrx_word' id='word_1_154' title='bbox 635 2224 822 2289; x_wconf 90' lang='grc' dir='ltr'>ὀςτέα</span> <span class='ocrx_word' id='word_1_155' title='bbox 865 2227 936 2289; x_wconf 90' lang='grc' dir='ltr'>δέ</span> <span class='ocrx_word' id='word_1_156' title='bbox 981 2243 1090 2304; x_wconf 91' lang='grc' dir='ltr'>ςφι</span> <span class='ocrx_word' id='word_1_157' title='bbox 1133 2226 1281 2302; x_wconf 87' lang='grc' dir='ltr'>περὶ</span> <span class='ocrx_word' id='word_1_158' title='bbox 1324 2224 1532 2303; x_wconf 79' lang='grc' dir='ltr'>ῥινοῖο</span> <span class='ocrx_word' id='word_1_159' title='bbox 1578 2224 1867 2303; x_wconf 88' lang='grc' dir='ltr'>ςαπείςης</span> 
     </span>
     <span class='ocr_line' id='line_1_24' title="bbox 349 2307 1713 2392; baseline 0.001 -22"><span class='ocrx_word' id='word_1_160' title='bbox 349 2307 591 2383; x_wconf 68' lang='lat' dir='ltr'>capion</span> <span class='ocrx_word' id='word_1_161' title='bbox 635 2308 935 2374; x_wconf 86' lang='grc' dir='ltr'>ἀζαλέοιο</span> <span class='ocrx_word' id='word_1_162' title='bbox 981 2310 1240 2390; x_wconf 87' lang='grc' dir='ltr'>κελαινῇ</span> <span class='ocrx_word' id='word_1_163' title='bbox 1285 2309 1547 2373; x_wconf 87' lang='grc' dir='ltr'>πύθεται</span> <span class='ocrx_word' id='word_1_164' title='bbox 1590 2328 1713 2392; x_wconf 87' lang='grc' dir='ltr'>αιῃ.</span> 
     </span>
    </p>

    <p class='ocr_par' dir='ltr' id='par_1_7' title="bbox 343 2390 2271 2973">
     <span class='ocr_line' id='line_1_25' title="bbox 431 2390 1859 2468; baseline 0.002 -15"><span class='ocrx_word' id='word_1_165' title='bbox 431 2390 502 2453; x_wconf 84' lang='grc' dir='ltr'>ἑν</span> <span class='ocrx_word' id='word_1_166' title='bbox 546 2391 618 2454; x_wconf 78' lang='grc' dir='ltr'>δὲ</span> <span class='ocrx_word' id='word_1_167' title='bbox 660 2392 962 2467; x_wconf 85' lang='grc' dir='ltr'>προῖωξίς</span> <span class='ocrx_word' id='word_1_168' title='bbox 1003 2410 1072 2454; x_wconf 92' lang='grc' dir='ltr'>τε</span> <span class='ocrx_word' id='word_1_169' title='bbox 1114 2391 1415 2456; x_wconf 86' lang='grc' dir='ltr'>παλίωξίς</span> <span class='ocrx_word' id='word_1_170' title='bbox 1456 2412 1525 2455; x_wconf 90' lang='grc' dir='ltr'>τε</span> <span class='ocrx_word' id='word_1_171' title='bbox 1567 2393 1859 2468; x_wconf 88' lang='grc' dir='ltr'>τέτυκτο,</span> 
     </span>
     <span class='ocr_line' id='line_1_26' title="bbox 346 2471 2269 2553; baseline -0.003 -15"><span class='ocrx_word' id='word_1_172' title='bbox 346 2473 417 2538; x_wconf 83' lang='grc' dir='ltr'>ἔν</span> <span class='ocrx_word' id='word_1_173' title='bbox 463 2473 530 2537; x_wconf 78' lang='grc' dir='ltr'>δ’</span> <span class='ocrx_word' id='word_1_174' title='bbox 561 2471 802 2552; x_wconf 88' lang='grc' dir='ltr'>ὅμαδός</span> <span class='ocrx_word' id='word_1_175' title='bbox 842 2494 912 2538; x_wconf 89' lang='grc' dir='ltr'>τε</span> <span class='ocrx_word' id='word_1_176' title='bbox 956 2472 1164 2553; x_wconf 92' lang='grc' dir='ltr'>φόνος</span> <span class='ocrx_word' id='word_1_177' title='bbox 1206 2475 1275 2537; x_wconf 73' lang='grc' dir='ltr'>τ’</span> <span class='ocrx_word' id='word_1_178' title='bbox 1316 2474 1730 2553; x_wconf 89' lang='grc' dir='ltr'>ἀνδροκταςίη</span> <span class='ocrx_word' id='word_1_179' title='bbox 1773 2495 1842 2540; x_wconf 90' lang='grc' dir='ltr'>τε</span> <span class='ocrx_word' id='word_1_180' title='bbox 1891 2474 2124 2551; x_wconf 85' lang='grc' dir='ltr'>δεδήει,</span> <span class='ocrx_word' id='word_1_181' title='bbox 2170 2482 2269 2535; x_wconf 91' lang='grc'>155</span> 
     </span>
     <span class='ocr_line' id='line_1_27' title="bbox 345 2557 2267 2638; baseline 0.001 -17"><span class='ocrx_word' id='word_1_182' title='bbox 345 2558 417 2621; x_wconf 82' lang='grc' dir='ltr'>ἑν</span> <span class='ocrx_word' id='word_1_183' title='bbox 464 2557 530 2621; x_wconf 85' lang='grc' dir='ltr'>δ’</span> <span class='ocrx_word' id='word_1_184' title='bbox 574 2558 738 2635; x_wconf 85' lang='grc' dir='ltr'>ἔρις,</span> <span class='ocrx_word' id='word_1_185' title='bbox 782 2557 853 2622; x_wconf 84' lang='grc' dir='ltr'>ἑν</span> <span class='ocrx_word' id='word_1_186' title='bbox 898 2558 970 2622; x_wconf 79' lang='grc' dir='ltr'>δὲ</span> <span class='ocrx_word' id='word_1_187' title='bbox 1013 2558 1315 2635; x_wconf 87' lang='grc' dir='ltr'>κυδοιμὸς</span> <span class='ocrx_word' id='word_1_188' title='bbox 1359 2558 1648 2635; x_wconf 80' lang='grc' dir='ltr'>ἐθύνεον,</span> <span class='ocrx_word' id='word_1_189' title='bbox 1694 2560 1763 2623; x_wconf 80' lang='grc' dir='ltr'>ἐν</span> <span class='ocrx_word' id='word_1_190' title='bbox 1810 2558 1877 2623; x_wconf 76' lang='grc' dir='ltr'>δ’</span> <span class='ocrx_word' id='word_1_191' title='bbox 1918 2558 2085 2637; x_wconf 86' lang='grc' dir='ltr'>ὀλοὴ</span> <span class='ocrx_word' id='word_1_192' title='bbox 2129 2558 2267 2638; x_wconf 87' lang='grc' dir='ltr'>κήρ,</span> 
     </span>
     <span class='ocr_line' id='line_1_28' title="bbox 343 2640 2027 2720; baseline 0.001 -16"><span class='ocrx_word' id='word_1_193' title='bbox 343 2640 550 2705; x_wconf 83' lang='grc' dir='ltr'>ἄλλον</span> <span class='ocrx_word' id='word_1_194' title='bbox 595 2642 766 2709; x_wconf 83' lang='grc' dir='ltr'>ζωὸν</span> <span class='ocrx_word' id='word_1_195' title='bbox 813 2642 1050 2720; x_wconf 85' lang='grc' dir='ltr'>ἔχουςα</span> <span class='ocrx_word' id='word_1_196' title='bbox 1091 2642 1466 2718; x_wconf 89' lang='grc' dir='ltr'>νεούτατον,</span> <span class='ocrx_word' id='word_1_197' title='bbox 1512 2642 1716 2707; x_wconf 86' lang='grc' dir='ltr'>ἄλλον</span> <span class='ocrx_word' id='word_1_198' title='bbox 1764 2642 2027 2718; x_wconf 88' lang='grc' dir='ltr'>ἄουτον,</span> 
     </span>
     <span class='ocr_line' id='line_1_29' title="bbox 344 2724 1891 2805; baseline 0 -16"><span class='ocrx_word' id='word_1_199' title='bbox 344 2724 547 2789; x_wconf 88' lang='grc' dir='ltr'>ἄλλον</span> <span class='ocrx_word' id='word_1_200' title='bbox 589 2728 918 2805; x_wconf 87' lang='grc' dir='ltr'>τεθνηῶτα</span> <span class='ocrx_word' id='word_1_201' title='bbox 961 2726 1120 2790; x_wconf 89' lang='grc' dir='ltr'>κατὰ</span> <span class='ocrx_word' id='word_1_202' title='bbox 1163 2726 1367 2804; x_wconf 91' lang='grc' dir='ltr'>μόθον</span> <span class='ocrx_word' id='word_1_203' title='bbox 1412 2726 1554 2790; x_wconf 83' lang='grc' dir='ltr'>ἕλκε</span> <span class='ocrx_word' id='word_1_204' title='bbox 1598 2730 1891 2789; x_wconf 87' lang='grc' dir='ltr'>ποδοῖιν·</span> 
     </span>
     <span class='ocr_line' id='line_1_30' title="bbox 343 2808 2186 2890; baseline 0.002 -18"><span class='ocrx_word' id='word_1_205' title='bbox 343 2808 486 2887; x_wconf 82' lang='grc' dir='ltr'>εἷμα</span> <span class='ocrx_word' id='word_1_206' title='bbox 529 2809 600 2871; x_wconf 76' lang='grc' dir='ltr'>δ’</span> <span class='ocrx_word' id='word_1_207' title='bbox 644 2808 746 2887; x_wconf 79' lang='grc' dir='ltr'>ἔχ’</span> <span class='ocrx_word' id='word_1_208' title='bbox 789 2810 956 2889; x_wconf 77' lang='grc' dir='ltr'>ἀμφ’</span> <span class='ocrx_word' id='word_1_209' title='bbox 1001 2808 1222 2887; x_wconf 83' lang='grc' dir='ltr'>ὤμοιςι</span> <span class='ocrx_word' id='word_1_210' title='bbox 1267 2811 1623 2890; x_wconf 88' lang='grc' dir='ltr'>δαφοινεὸν</span> <span class='ocrx_word' id='word_1_211' title='bbox 1668 2809 1879 2888; x_wconf 90' lang='grc' dir='ltr'>αιματι</span> <span class='ocrx_word' id='word_1_212' title='bbox 1920 2813 2186 2890; x_wconf 83' lang='grc' dir='ltr'>φωτῶν,</span> 
     </span>
     <span class='ocr_line' id='line_1_31' title="bbox 343 2893 2271 2998; baseline -0.002 -41"><span class='ocrx_word' id='word_1_213' title='bbox 343 2893 560 2957; x_wconf 87' lang='grc' dir='ltr'>δεινὸν</span> <span class='ocrx_word' id='word_1_214' title='bbox 605 2894 951 2970; x_wconf 88' lang='grc' dir='ltr'>δερκομένη</span> <span class='ocrx_word' id='word_1_215' title='bbox 997 2893 1303 2975; x_wconf 86' lang='grc' dir='ltr'>καναχῃςί</span> <span class='ocrx_word' id='word_1_216' title='bbox 1344 2914 1413 2957; x_wconf 91' lang='grc' dir='ltr'>τε</span> <span class='ocrx_word' id='word_1_217' title='bbox 1458 2896 1813 2998; x_wconf 86' lang='grc' dir='ltr'>βεβρυχυῖα.</span> <span class='ocrx_word' id='word_1_218' title='bbox 2172 2901 2271 2953; x_wconf 89' lang='grc'>160</span> 
     </span>
    </p>

    <p class='ocr_par' dir='ltr' id='par_1_8' title="bbox 337 2973 2217 3308">
     <span class='ocr_line' id='line_1_32' title="bbox 425 2973 2217 3056; baseline 0.001 -16"><span class='ocrx_word' id='word_1_219' title='bbox 425 2974 497 3040; x_wconf 82' lang='grc' dir='ltr'>ἐν</span> <span class='ocrx_word' id='word_1_220' title='bbox 541 2974 608 3039; x_wconf 82' lang='grc' dir='ltr'>δ’</span> <span class='ocrx_word' id='word_1_221' title='bbox 652 2973 867 3054; x_wconf 86' lang='grc' dir='ltr'>ὀφίων</span> <span class='ocrx_word' id='word_1_222' title='bbox 910 2977 1187 3054; x_wconf 87' lang='grc' dir='ltr'>κεφαλαὶ</span> <span class='ocrx_word' id='word_1_223' title='bbox 1229 2980 1459 3041; x_wconf 87' lang='grc' dir='ltr'>δεινῶν</span> <span class='ocrx_word' id='word_1_224' title='bbox 1506 2974 1654 3041; x_wconf 85' lang='grc' dir='ltr'>ἔςαν</span> <span class='ocrx_word' id='word_1_225' title='bbox 1700 2976 1779 3040; x_wconf 86' lang='grc' dir='ltr'>οὔ</span> <span class='ocrx_word' id='word_1_226' title='bbox 1823 2998 1882 3042; x_wconf 94' lang='grc' dir='ltr'>τι</span> <span class='ocrx_word' id='word_1_227' title='bbox 1925 2980 2217 3056; x_wconf 83' lang='grc' dir='ltr'>φατειῶν</span> 
     </span>
     <span class='ocr_line' id='line_1_33' title="bbox 340 3059 2183 3140; baseline 0.001 -15"><span class='ocrx_word' id='word_1_228' title='bbox 340 3063 619 3136; x_wconf 85' lang='grc' dir='ltr'>δώδεκα,</span> <span class='ocrx_word' id='word_1_229' title='bbox 661 3059 767 3123; x_wconf 89' lang='grc' dir='ltr'>ταὶ</span> <span class='ocrx_word' id='word_1_230' title='bbox 809 3059 1162 3139; x_wconf 85' lang='grc' dir='ltr'>φοβέεςκον</span> <span class='ocrx_word' id='word_1_231' title='bbox 1207 3060 1313 3125; x_wconf 85' lang='grc' dir='ltr'>ἐπὶ</span> <span class='ocrx_word' id='word_1_232' title='bbox 1356 3061 1541 3139; x_wconf 87' lang='grc' dir='ltr'>χθονὶ</span> <span class='ocrx_word' id='word_1_233' title='bbox 1587 3061 1753 3140; x_wconf 78' lang='grc' dir='ltr'>φῦλ’</span> <span class='ocrx_word' id='word_1_234' title='bbox 1795 3060 2183 3138; x_wconf 85' lang='grc' dir='ltr'>ἀνθρώπων,</span> 
     </span>
     <span class='ocr_line' id='line_1_34' title="bbox 340 3142 1948 3224; baseline 0.001 -16"><span class='ocrx_word' id='word_1_235' title='bbox 340 3143 406 3208; x_wconf 84' lang='grc' dir='ltr'>οἵ</span> <span class='ocrx_word' id='word_1_236' title='bbox 445 3163 612 3210; x_wconf 89' lang='grc' dir='ltr'>τινες</span> <span class='ocrx_word' id='word_1_237' title='bbox 656 3142 938 3224; x_wconf 87' lang='grc' dir='ltr'>ἀντιβίην</span> <span class='ocrx_word' id='word_1_238' title='bbox 982 3144 1272 3224; x_wconf 91' lang='grc' dir='ltr'>πόλεμον</span> <span class='ocrx_word' id='word_1_239' title='bbox 1315 3146 1479 3216; x_wconf 89' lang='grc' dir='ltr'>Διος</span> <span class='ocrx_word' id='word_1_240' title='bbox 1522 3144 1605 3209; x_wconf 86' lang='grc' dir='ltr'>υἷι</span> <span class='ocrx_word' id='word_1_241' title='bbox 1651 3144 1948 3224; x_wconf 92' lang='grc' dir='ltr'>φέροιεν·</span> 
     </span>
     <span class='ocr_line' id='line_1_35' title="bbox 337 3227 2171 3308; baseline 0.002 -19"><span class='ocrx_word' id='word_1_242' title='bbox 337 3232 469 3294; x_wconf 85' lang='grc' dir='ltr'>τῶν</span> <span class='ocrx_word' id='word_1_243' title='bbox 514 3230 620 3293; x_wconf 82' lang='grc' dir='ltr'>καὶ</span> <span class='ocrx_word' id='word_1_244' title='bbox 661 3227 954 3294; x_wconf 88' lang='grc' dir='ltr'>ὀδόντων</span> <span class='ocrx_word' id='word_1_245' title='bbox 999 3230 1115 3307; x_wconf 77' lang='grc' dir='ltr'>μὲν</span> <span class='ocrx_word' id='word_1_246' title='bbox 1160 3230 1403 3308; x_wconf 87' lang='grc' dir='ltr'>καναχὴ</span> <span class='ocrx_word' id='word_1_247' title='bbox 1446 3229 1663 3302; x_wconf 87' lang='grc' dir='ltr'>πέλεν,</span> <span class='ocrx_word' id='word_1_248' title='bbox 1710 3228 1854 3292; x_wconf 85' lang='grc' dir='ltr'>εὖτε</span> <span class='ocrx_word' id='word_1_249' title='bbox 1899 3228 2171 3307; x_wconf 89' lang='grc' dir='ltr'>μάχοιτο</span> 
     </span>
    </p>
   </div>
   <div class='ocr_carea' id='block_1_5' title="bbox 347 3360 750 3373">
    <p class='ocr_par' dir='ltr' id='par_1_9' title="bbox 347 3360 750 3373">
     <span class='ocr_line' id='line_1_36' title="bbox 347 3360 750 3373; baseline 0 562"><span class='ocrx_word' id='word_1_250' title='bbox 347 3360 750 3373; x_wconf 95' lang='lat' dir='ltr'> </span> 
     </span>
    </p>
   </div>
   <div class='ocr_carea' id='block_1_6' title="bbox 335 3427 2275 3561">
    <p class='ocr_par' dir='ltr' id='par_1_10' title="bbox 335 3427 2275 3561">
     <span class='ocr_line' id='line_1_37' title="bbox 471 3427 2275 3495; baseline 0.004 -20"><span class='ocrx_word' id='word_1_251' title='bbox 471 3441 522 3475; x_wconf 89' lang='grc' dir='ltr'>ν.</span> <span class='ocrx_word' id='word_1_252' title='bbox 560 3429 673 3478; x_wconf 84' lang='grc'>134.</span> <span class='ocrx_word' id='word_1_253' title='bbox 713 3428 988 3493; x_wconf 86' lang='grc' dir='ltr'>μόρφνοιο</span> <span class='ocrx_word' id='word_1_254' title='bbox 1159 3446 1214 3482; x_wconf 81' lang='lat' dir='ltr'>v.</span> <span class='ocrx_word' id='word_1_255' title='bbox 1253 3430 1368 3482; x_wconf 84' lang='grc'>135.</span> <span class='ocrx_word' id='word_1_256' title='bbox 1406 3427 1591 3480; x_wconf 84' lang='grc' dir='ltr'>εἵλετο</span> <span class='ocrx_word' id='word_1_257' title='bbox 1626 3430 1817 3495; x_wconf 81' lang='grc' dir='ltr'>χαλκῷ</span> <span class='ocrx_word' id='word_1_258' title='bbox 1964 3445 2018 3482; x_wconf 80' lang='lat' dir='ltr'>v.</span> <span class='ocrx_word' id='word_1_259' title='bbox 2058 3432 2172 3481; x_wconf 84' lang='grc'>144.</span> <span class='ocrx_word' id='word_1_260' title='bbox 2209 3430 2275 3483; x_wconf 77' lang='grc' dir='ltr'>δ’</span> 
     </span>
     <span class='ocr_line' id='line_1_38' title="bbox 335 3487 1662 3561; baseline 0.008 -22"><span class='ocrx_word' id='word_1_261' title='bbox 335 3487 652 3545; x_wconf 82' lang='grc' dir='ltr'>ἀδάμαντος</span> <span class='ocrx_word' id='word_1_262' title='bbox 687 3492 787 3559; x_wconf 84' lang='grc' dir='ltr'>ἔην</span> <span class='ocrx_word' id='word_1_263' title='bbox 823 3493 1006 3558; x_wconf 88' lang='grc' dir='ltr'>Φόβος</span> <span class='ocrx_word' id='word_1_264' title='bbox 1140 3512 1195 3549; x_wconf 84' lang='lat' dir='ltr'>v.</span> <span class='ocrx_word' id='word_1_265' title='bbox 1233 3498 1347 3549; x_wconf 86' lang='lat'>155.</span> <span class='ocrx_word' id='word_1_266' title='bbox 1382 3496 1561 3561; x_wconf 88' lang='grc' dir='ltr'>φόβος</span> <span class='ocrx_word' id='word_1_267' title='bbox 1594 3497 1662 3549; x_wconf 84' lang='grc' dir='ltr'>τ’</span> 
     </span>
    </p>
   </div>
  </div>
 </body>
</html>
