2507 3935
2336 0 2354 89 τ’
2408 1 2434 103 ῖῑ

2338 92 2346 130 ί

357 154 440 220 32
1146 157 1483 210 ΗΣΙοΔοΤ
2292 157 2334 262 s
2418 107 2455 584 x

447 325 555 388 Καὶ
584 324 890 404 κεραμεὺς
919 327 1174 403 κεραμεῖ
1200 325 1459 389 κοτέει
1489 325 1591 390 καὶ
1618 324 1929 390 τέκτονι
1959 283 2304 409 τέκτων,ἷ«Ι

355 409 456 472 καὶ
498 407 757 486 πτωχὸς
801 413 1042 491 πτωχῷ
1088 409 1351 488 φθονέει
1394 409 1494 472 καὶ
1536 407 1755 473 ἀοιδὸς
1799 407 2019 493 ἀοιδῷ.
2204 417 2265 470 26
2300 423 2355 481 χ

357 659 512 738 μηδέ
555 659 616 723 ς’
659 660 827 737 ’Έρις
868 660 1262 738 κακόχαρτος
1308 660 1423 725 ἀπ’
1468 660 1662 740 ἔργου
1704 661 1906 738 θυμὸν
1950 660 2164 738 ἐρύκοι

354 743 550 808 νείκε’
594 742 1000 818 ὀπιπεύοντ’,
1045 742 1285 822 ἀγορῆς
1330 745 1655 809 ἐπακουὸν
1701 743 1907 810 ἐόντα.

445 825 579 905 ὥρη
622 826 745 905 γάρ
789 828 856 890 τ’
902 825 1082 904 ὀλίγη
1127 828 1385 891 πέλεται
1424 827 1688 892 νεικέων
1730 829 1794 891 τ’
1836 826 2130 908 ἀγορέων
2173 847 2267 904 τε,

356 911 410 1014 ᾧ
455 929 574 974 τινι
617 911 697 988 μὴ
745 910 914 989 βίος
958 910 1150 975 ἔνδον
1195 910 1546 989 ἐπηετανὸς
1588 910 1940 975 κατάκειται
2205 920 2267 972 31

357 995 627 1072 ωραῖος,
671 993 788 1058 τὸν
831 997 981 1068 γαῖα
1025 993 1238 1072 φέρει,
1285 995 1657 1073 Δημήτερος
1700 994 1911 1072 ἀκτήν.

441 1079 558 1140 τού
601 1097 672 1140 κε
716 1077 1176 1157 κορεςςάμενος
1219 1078 1430 1141 νείκεα
1469 1079 1570 1142 καὶ
1606 1081 1793 1157 δῆριν
1838 1078 2145 1158 ὀφέλλοις

354 1159 618 1238 κτήμας’
645 1160 756 1224 ἐπ’
800 1160 1186 1239 ἀλλοτρίοις·
1233 1162 1329 1225 ςοὶ
1371 1163 1439 1225 δ’
1468 1161 1589 1226 οὐκ
1628 1161 1717 1226 ἔτι
1761 1162 2065 1241 δεύτερον
2109 1162 2271 1226 ἔςται

357 1243 480 1306 ὧδ’
521 1242 757 1322 ἔρδειν·
802 1243 950 1308 ἀλλ’
993 1243 1134 1308 αὖθι
1178 1245 1637 1322 διακρινώμεθα
1679 1248 1891 1310 νεῖκος
2208 1255 2270 1307 35

354 1325 567 1408 ἰθείῃςι
609 1327 835 1402 δίκαις,
881 1325 950 1388 αἵ
989 1329 1054 1390 τ’
1095 1327 1164 1390 ἐκ
1207 1327 1370 1390 Διός
1414 1327 1562 1393 εἰςιν
1605 1329 1863 1407 ἄριςται.
1939 1393 1946 1403 ,

437 1409 556 1486 ἤδη
601 1412 714 1486 μὲν
758 1409 880 1488 γὰρ
922 1412 1161 1489 κλῆρον
1206 1410 1702 1490 ἐδαςςάμεθ’,
1746 1411 1909 1476 ἄλλα
1951 1431 2020 1478 τε
2064 1413 2273 1477 πολλὰ

354 1490 660 1570 ἁρπάζων
705 1493 994 1572 ἐφόρεις,
1040 1493 1198 1571 μέγα
1237 1495 1557 1560 κυδαίνων
1601 1497 1903 1575 βαςιλῆας·

354 1576 817 1656 δωροφάγους,
864 1576 931 1641 οἳ
967 1577 1156 1654 τήνδε
1201 1577 1380 1657 δίκην
1411 1579 1693 1671 έθέλουςι
1735 1579 2023 1644 δικάςςαι.

439 575 493 640 ὦ
535 573 783 654 Πέρςη,
829 575 900 639 ςὺ
944 577 1015 639 δὲ
1057 579 1256 640 ταῦτα
1298 581 1423 659 τεῷ
1468 575 1788 641 ἐνικάτθεο
1830 582 2037 661 θυμῷ·
2453 603 2473 988 Q

370 1737 389 1756 ‘
443 1743 700 1822 Νήπιοι·
744 1743 902 1808 οὐδὲ
926 1743 1156 1821 ἰ’ςαςιν,
1203 1741 1337 1827 δςῳ
1372 1745 1574 1808 πλέον
1618 1745 1846 1822 ἥμιςυ
1886 1744 2159 1820 παντός,
2204 1754 2275 1805 4ο

357 1909 507 1975 οὐδ’
553 1909 708 1977 ὅςον
753 1911 824 1977 ἐν
869 1911 1116 1996 μαλάχῃ
1159 1929 1227 1975 τε
1271 1911 1373 1975 καὶ
1416 1911 1755 1997 ἀςφοδέλῳ
1800 1911 1943 1991 μέγ’
1972 1909 2213 1991 ὄνειαρ.

445 2078 893 2157 Κρύψαντες
936 2080 1058 2158 γὰρ
1103 2078 1319 2158 ἔχουςι
1362 2081 1495 2143 θεοὶ
1540 2080 1717 2159 βίον
1763 2079 2180 2159 ἀνθρώποιςι·

360 2159 616 2238 ῥηιδίως
659 2162 780 2241 γάρ
822 2183 932 2228 κεν
977 2164 1078 2227 καὶ
1121 2164 1232 2225 ἐπ’
1275 2162 1459 2240 ἤματι
1503 2164 1863 2243 έργάςςαιο,

361 2243 451 2307 ὥς
493 2246 561 2307 τέ
605 2263 670 2307 ςε
702 2246 734 2293 †
764 2245 888 2307 κείς
932 2246 1228 2310 ἐνιαυτὸν
1274 2246 1444 2323 ἔχειν
1488 2247 1588 2310 καὶ
1630 2246 1867 2325 ἀεργὸν
1908 2247 2129 2311 ἐόντα·

357 2325 523 2405 αἶψά
567 2347 634 2390 κε
677 2327 993 2404 πηδάλιον
1037 2330 1150 2406 μὲν
1196 2327 1359 2405 ὑπὲρ
1401 2334 1655 2394 καπνοῦ
1694 2334 2021 2403 καταθεῖο,
2212 2338 2283 2391 45

357 2409 513 2489 ἔργα
555 2413 730 2489 βοῶν
775 2410 843 2473 δ’
887 2410 1195 2475 ἀπόλοιτο
1239 2412 1341 2476 καὶ
1381 2411 1665 2491 ἡμιόνων
1706 2416 2099 2495 ταλαεργῶν.

358 2573 528 2641 ἀλλά
571 2574 740 2653 Ζεὺς
783 2579 1091 2658 ἔκρυψε
1131 2574 1599 2661 χολωσάμενος
1641 2576 1885 2663 φρεσὶν
1926 2570 2111 2663 ᾗσιν,

358 2659 496 2723 ὄττι
537 2683 656 2743 μιν
701 2662 1070 2744 ἐξαπάτησε
1111 2660 1524 2745 Προμηθεύς
1565 2660 2057 2747 ἀγκυλομήτης

357 2740 619 2807 τοῦνεκ’
668 2742 778 2827 ἄρ’
822 2742 1291 2829 ἀνθρώποισιν
1335 2746 1625 2831 ἐμήσατο
1667 2748 1875 2831 κήδεα
1918 2744 2167 2831 λυγρά·

440 2911 687 2991 κρύψε
731 2913 803 2976 δὲ
846 2916 1000 2991 πῦρ·
1043 2912 1120 2976 τὸ
1154 2915 1269 2990 μὲν
1299 2912 1475 2978 αὖθις
1504 2914 1612 2979 ἐὺς
1641 2914 1788 2980 πάις
1831 2916 2139 2981 Ἰαπετοῖο
2210 2923 2283 2976 50

358 2996 588 3076 ἔκλεψ’
633 2995 1020 3075 ἀνθρώποιςι
1063 2996 1226 3061 Διὸς
1270 2998 1446 3077 παρὰ
1488 2998 1855 3078 μητιόεντος

357 3080 430 3143 ἐν
472 3080 669 3164 κοίλῳ
713 3080 1006 3159 νάρθηκι,
1054 3082 1269 3146 λαθὼν
1314 3083 1444 3148 Δία
1484 3083 1995 3163 τερπικέραυνον.
2060 3092 2078 3097 ’

356 3163 473 3228 τὸν
514 3165 585 3227 δὲ
629 3165 1077 3244 χολωςάμενος
1119 3166 1412 3245 προςέφη
1456 3167 1922 3245 νεφεληγερέτα
1964 3167 2161 3233 Ζεύς’

443 3244 909 3328 «Ἰαπετιονίδη,
955 3249 1217 3313 πάντων
1262 3250 1407 3328 πέρι
1448 3250 1647 3328 μήδεα
1690 3250 1904 3330 εἰδώς,

489 3440 541 3477 v.
578 3431 659 3480 30.
698 3429 834 3497 ὤρη.
971 3448 1024 3485 v.
1060 3434 1144 3487 48.
1183 3431 1600 3502 ποικιλομήτης.
