2507 3935
329 253 416 318 70
1116 251 1455 303 ΗΣῙοΔοΤ

333 420 574 499 αὐχένα
615 417 1032 496 γυμνωθέντα
1074 421 1249 484 θοῶς
1292 416 1603 496 ὑπένερθε
1645 417 1901 494 γενείου

329 505 516 581 ἤλας’
561 503 976 579 ἐπικρατέως·
1021 501 1151 565 ἀπὸ
1195 502 1263 563 δ’
1306 500 1501 580 ἄμφω
1546 501 1725 578 κέρςε
1768 503 2029 566 τένοντε

333 587 750 667 ἀνδροφόνος
781 587 983 664 μελίη·
1015 586 1174 663 μέγα
1201 585 1325 664 γὰρ
1358 585 1580 649 ςθένος
1610 585 1837 663 ἔμπεςε
1868 585 2119 664 φωτός·
2161 593 2267 645 420

333 671 520 751 ἤριπε
563 672 650 747 δ’,
698 671 788 735 ὡς
831 668 941 733 ὅτε
983 689 1076 732 τις
1120 671 1278 747 δρῦς
1320 669 1566 747 ἤριπεν,
1610 669 1651 746 ἢ
1694 668 1804 734 ὅτε
1846 670 2045 746 πέτρη

333 755 632 834 ἠλίβατος
673 757 981 831 πληγεῖςα
1021 752 1188 816 Διὸς
1230 751 1540 830 ψολόεντι
1582 758 1903 834 κεραυνῷ·

336 837 426 902 ὧς
469 839 668 918 ἔριπ’·
713 837 874 916 ἀμφὶ
916 837 989 901 δέ
1033 835 1098 899 οἱ
1139 835 1336 915 βράχε
1381 836 1610 915 τεύχεα
1652 837 1905 901 ποικίλα
1934 839 2176 920 χαλκῷ.

418 924 536 988 τὸν
583 924 695 1001 μὲν
741 921 944 985 ἔπειτ
987 919 1156 984 εἴαςε
1198 921 1362 984 Διὸς
1403 920 1819 1000 ταλακάρδιος
1861 919 2030 995 υἱός,

328 1007 531 1071 αὐτὸς
573 1008 644 1068 δὲ
689 1005 1113 1086 βροτολοιγὸν
1157 1004 1354 1082 Ἄρην
1398 1004 1744 1084 προςιόντα
1785 1003 2091 1068 δοκεύςας
2156 1013 2267 1063 425

334 1091 550 1156 δεινὸν
597 1089 775 1168 ὁρῶν
823 1087 1090 1164 ὄςςοιςι,
1136 1088 1305 1151 λέων
1351 1109 1442 1150 ως
1486 1090 1723 1168 ςώματι
1764 1087 2022 1165 κόρςας,

336 1173 412 1239 ὅς
453 1194 525 1239 τε
569 1173 722 1252 μάλ’
768 1172 1085 1236 ἐνδυκέως
1129 1171 1313 1249 ῥινὸν
1354 1175 1688 1251 κρατεροῖς
1730 1172 2018 1249 ὀνύχεςςι

336 1259 580 1338 ςχίςςας
624 1257 759 1322 ὅττι
801 1256 1055 1334 τάχιςτα
1099 1255 1457 1334 μελίφρονα
1500 1257 1701 1334 θυμὸν
1745 1253 2025 1333 ἀπηύρα

337 1341 708 1421 ’θέμμενέως
753 1341 820 1404 δ’
865 1338 992 1417 ἄρα
1034 1344 1152 1404 τοῦ
1195 1359 1271 1414 γε
1314 1340 1610 1403 κελαινὸν
1654 1339 2002 1416 πίμπλαται
2042 1337 2221 1417 ἦτορ,

334 1425 700 1504 γλαυκιόων
745 1425 811 1487 δ’
843 1421 1051 1486 ὄςςοις
1094 1422 1311 1487 δεινὸν
1354 1422 1635 1501 πλευράς
1674 1443 1745 1486 τε
1774 1424 1876 1487 καὶ
1904 1422 2119 1500 ὤμους
2161 1429 2268 1482 430

339 1509 500 1592 οὐρῇ
546 1507 863 1586 μαςτιόων
909 1507 1096 1571 ποςςὶ
1136 1506 1403 1585 γλάφει,
1451 1505 1604 1571 οὐδέ
1644 1528 1737 1572 τις
1780 1506 1979 1573 αὐτὸν

336 1595 484 1672 ἔτλη
533 1593 597 1656 ἐς
642 1591 805 1657 ἄντα
846 1590 1002 1656 ἰδὼν
1048 1591 1277 1670 ςχεδὸν
1322 1591 1529 1655 ἐλθεῖν
1574 1590 1753 1654 οὐδὲ
1770 1590 2095 1668 μάχεςθαι·

335 1681 516 1742 τοῖος
559 1675 670 1754 ἄρ’
714 1676 1303 1755 Ἀμφιτρυωνιάδης
1346 1673 1659 1753 ἀκόρητος
1704 1673 1899 1752 ἀυτῆς

339 1761 556 1826 ἀντίος
600 1760 743 1837 ἔςτη
787 1760 1051 1837 ”,Αρηος
1094 1759 1190 1824 ἑνὶ
1233 1759 1419 1836 φρεςὶ
1461 1759 1693 1836 θάρςος
1738 1757 1967 1834 ἀέξων,

337 1844 716 1920 ἐςςυμένως·
760 1843 798 1907 6
832 1842 918 1906 δέ
949 1842 1012 1905 οἱ
1041 1843 1280 1920 ςχεδον,
1299 1842 1534 1920 ἤλυθεν
1577 1840 1938 1920 ἀχνύμενος
1981 1844 2129 1919 κῆρ·
2168 1849 2271 1903 435

339 1927 696 2007 ἀμφότεροι
739 1927 808 1990 δ’
850 1924 1145 2003 ἰάχοντες
1186 1926 1295 1990 ἐπ’
1341 1924 1703 2003 ἀλλήλοιςιν
1747 1925 2045 2005 ὄρουςαν.

426 2012 515 2077 ὡς
558 2012 626 2075 δ’
673 2009 778 2075 ὅτ’
810 2010 940 2075 ἀπὸ
985 2010 1266 2089 μεγάλου
1308 2012 1857 2090 πέτρηπρηῶνος
1900 2010 2164 2092 ὀρούςῃ,

340 2098 546 2177 μακρὰ
590 2097 656 2160 δ’
702 2095 1174 2173 ἐπιθρώςκουςα
1215 2095 1601 2173 κυλίνδεται,
1644 2095 1683 2171 ἢ
1730 2095 1803 2159 δέ
1844 2114 1915 2157 τε
1958 2094 2081 2173 ἠχὴ

340 2182 590 2261 ἔρχεται
633 2180 1010 2259 ἐμμεμαυῖα,
1063 2179 1273 2254 πάγος
1318 2180 1389 2243 δέ
1434 2179 1499 2243 οἱ
1540 2178 1961 2257 ἀντεβόληςεν

340 2264 626 2344 ὑψηλός,
671 2270 763 2347 τῷ
807 2265 884 2340 δὴ
931 2264 1380 2342 ςυνενείκεται,
1424 2255 1579 2329 ἔνθα
1621 2283 1722 2341 μιν
1749 2261 1951 2341 ’ίςχει-
2166 2272 2276 2324 440

338 2347 528 2430 τόςςῃ
572 2346 609 2408 6
655 2327 769 2425 μὲν
816 2345 958 2428 ἰαχῇ
1007 2346 1427 2426 βριςάρματος
1469 2346 1690 2411 οὔλιος
1726 2347 1925 2424 Ἄρης

341 2408 666 2507 κεκληγὼς
709 2428 1090 2505 ἐπόρουςεν
1137 2430 1174 2491 ὃ
1222 2432 1290 2494 δ’
1333 2430 1673 2509 ἐμμαπέως
1716 2429 2045 2495 ὑπέδεκτο.

429 2514 627 2593 αὐτὰρ
671 2512 964 2593 Ἀθηναίη
1009 2512 1210 2593 κούρη
1256 2514 1418 2579 Διὸς
1460 2513 1774 2593 αἰγιόχοιο

343 2598 522 2677 ἀντίη
567 2599 761 2678 ἦλθεν
806 2598 1070 2677 Ἄρηος,
1113 2597 1384 2679 ἐρεμνὴν
1430 2597 1625 2673 αἰγίδ’
1667 2598 1935 2677 ἔχουςα,
1996 2658 2007 2667 .

343 2685 524 2751 δεινὰ
566 2684 635 2747 δ’
663 2682 916 2758 ὑπόδρα
959 2682 1164 2748 ἰδοῦς’
1193 2682 1353 2748 ἔπεα
1396 2681 1751 2761 πτερόεντα
1779 2682 2139 2761 προςηύδα·
2168 2691 2273 2741 445

429 2768 675 2846 «Ἆρες,
721 2765 935 2844 ἐπίςχε
978 2768 1170 2845 μένος
1211 2768 1524 2845 κρατερὸν
1568 2768 1670 2829 καὶ
1712 2769 1928 2845 χεῖρας
1957 2765 2273 2830 ἀάπτους·

345 2852 425 2916 οὐ
466 2851 590 2929 γάρ
631 2872 732 2915 τοι
772 2850 944 2928 θέμις
988 2852 1152 2916 ἐςτίν
1198 2849 1328 2914 ἀπὸ
1372 2850 1568 2914 κλυτὰ
1610 2849 1839 2929 τεύχεα
1882 2854 2061 2914 δῦςαι

343 2934 657 3014 Ἠρακλέα
699 2932 1062 3009 κτείναντα,
1108 2934 1273 2996 Διὸς
1316 2933 1774 3012 θραςυκάρδιον
1818 2933 1977 2997 υἱόν.

345 3019 497 3086 ἀλλ’
542 3017 690 3097 ἄγε,
736 3020 901 3082 παῦε
945 3018 1177 3097 μάχης,
1217 3019 1375 3101 μηδ’
1418 3017 1634 3082 ἀντίος
1674 3017 1877 3082 ἴσας’
1922 3018 2153 3096 ἐμεῖο.»

373 3150 379 3159 .
428 3102 520 3170 ὧς
564 3102 784 3181 ἔφατ’·
828 3101 979 3166 ἀλλ’
1011 3102 1091 3165 οὐ
1119 3102 1295 3165 πεῖθ’
1320 3102 1549 3180 Ἄρεος
1593 3101 1999 3181 μεγαλήτορα
2039 3101 2271 3181 θυμόν·

347 3188 512 3254 ἀλλὰ
554 3188 714 3266 μέγα
758 3186 958 3273 ἰάχων
1003 3187 1200 3265 φλογὶ
1243 3185 1455 3250 εικελα
1497 3186 1726 3263 τεύχεα
1766 3184 2037 3249 πάλλων
2171 3196 2270 3247 451

345 3272 755 3352 καρπαλίμως
799 3268 1114 3350 ἐπόρουςε
1161 3270 1261 3373 βίῃ
1306 3270 1669 3353 Ἡρακλείῃ,

345 3354 721 3432 κακτάμεναι
765 3356 1047 3434 μεμαώς·
1090 3354 1193 3419 καί
1236 3333 1304 3433 ῥ’
1338 3354 1567 3435 ἔμβαλε
1610 3354 1887 3433 χάλκεον
1929 3353 2158 3435 ἔγχος,

477 3550 530 3586 v.
563 3538 681 3587 425.
717 3536 950 3589 ἐπιόντα
