2507 3935
913 241 925 246 -
961 217 1351 274 ΘΕοΓοΝΙΑ.
1571 238 1579 244 ·
2054 219 2129 285 17

333 389 426 471 τῷ
471 388 586 466 μὲν
630 386 768 465 γὰρ
797 386 1027 465 ςάρκας
1069 404 1138 451 τε
1179 387 1283 450 καὶ
1326 387 1559 463 ἔγκατα
1601 385 1776 452 πίονι
1820 391 1999 469 δημῷ

205 471 276 536 ἐν
323 472 482 580 ῥινῷ
528 471 826 548 κατέθηκε
869 471 1164 549 καλύψας
1206 473 1424 548 γαςτρὶ
1469 471 1677 554 βοείῃ·

205 561 298 639 τῷ
342 556 410 618 δ’
451 535 602 619 αὖτ’
631 553 822 618 ὀςτέα
864 557 1055 620 λευκά
1102 555 1256 634 βοὸς
1300 554 1483 638 δολίῃ
1528 555 1632 618 ἐπὶ
1674 555 1869 638 τέχνῃ
2030 563 2133 616 540

208 617 522 704 εὐθετίςας
567 639 870 717 κατέθηκε
909 639 1202 717 καλύψας
1247 617 1467 716 ἀργέτι
1504 641 1704 722 δημῷ.

329 725 408 802 δὴ
448 721 598 787 τότε
637 739 740 801 μιν
770 723 1110 801 προεέειπε
1153 723 1365 801 πατὴρ
1402 700 1668 802 ἀνδρῶν
1707 739 1777 786 τε
1820 725 1989 787 θεῶν
2031 741 2131 786 τε·

211 806 684 884 «Ἰαπετιονίδη,
728 806 993 871 πάντων
1038 805 1373 884 ἀριδείκετ’
1417 805 1735 882 ἀνάκτων,

211 887 264 952 ὦ
307 891 543 968 πέπον,
587 891 679 954 ὡς
724 889 1115 968 ἑτεροζήλως
1159 891 1487 954 διεδάςςαο
1534 889 1803 968 μοίρας.»

335 973 425 1038 ὧς
469 973 644 1080 φάτο
684 975 1046 1052 κερτομέων
1076 973 1240 1038 Ζεὺς
1270 973 1510 1054 ἄφθιτα
1536 975 1735 1053 μήδεα
1765 973 1965 1038 εἰδώς.
2030 983 2130 1035 545

210 1057 324 1122 τὸν
368 1059 438 1121 δ’
482 1057 633 1124 αὔτε
677 1059 1015 1136 προςέειπε
1058 1058 1439 1138 Προμηθεὺς
1481 1057 1942 1136 ἀγκυλομήτης,

209 1139 322 1218 ἦκ’
366 1141 789 1219 ἑπιμειδηςας,
836 1142 1054 1220 δολίης
1095 1142 1164 1205 δ’
1207 1142 1291 1206 οὐ
1332 1144 1559 1220 λήθετο
1602 1143 1858 1220 τέχνης·

345 1225 501 1289 «Ζεῦ
546 1226 816 1303 κύδιςτε,
861 1226 1106 1304 μέγιςτε
1149 1229 1319 1290 θεῶν
1364 1225 1834 1301 αἰειγενετάων,

213 1309 416 1372 τῶνδ’
441 1308 614 1386 ἕλευ,
659 1309 1032 1388 ὁπποτέρην
1075 1328 1142 1373 ςε
1183 1307 1281 1374 ἐνὶ
1324 1311 1510 1389 φρεςὶ
1550 1309 1747 1387 θυμός
1792 1307 2075 1384 ἀνώγει.»

209 1395 302 1472 φῆ
336 1391 420 1470 ῥα
445 1394 954 1472 δολοφρονέων·
998 1393 1163 1457 Ζεὺς
1192 1394 1261 1457 δ’
1291 1391 1529 1473 ἄφθιτα
1558 1394 1757 1471 μήδεα
1787 1391 1970 1456 εἰδὼς
2028 1399 2132 1454 550

206 1479 344 1551 γνῶ
389 1475 461 1554 6³
491 1477 640 1541 οὐδ’
682 1477 978 1554 ἠγνοίηςε
1021 1478 1257 1542 δόλον·
1303 1478 1463 1542 κακὰ
1505 1478 1571 1540 δ’
1600 1475 1827 1541 ὄςςετο
1868 1481 2047 1558 θυμῷ

206 1563 468 1638 θνητοις
513 1559 936 1638 ἀνθρώποιο,
979 1561 1060 1622 τὰ
1103 1561 1203 1622 καὶ
1242 1562 1560 1624 τελέεςθαι
1590 1560 1831 1637 ἔμελλε.

333 1642 515 1722 χερςὶ
545 1642 615 1706 δ’
644 1639 687 1706 ὃ
711 1641 783 1718 γ’
811 1642 1241 1746 ἀμφοτέρῃςιν
1274 1642 1563 1706 ἀνείλετο
1607 1643 1837 1707 λευκὸν
1882 1641 2133 1722 ἄλειφα.

206 1725 464 1806 χώςατο
510 1727 582 1790 δὲ
625 1727 903 1805 φρένας,
949 1725 1108 1804 ἀμφὶ
1150 1727 1351 1804 χόλος
1394 1727 1465 1790 δέ
1508 1746 1611 1804 μιν
1653 1725 1827 1790 ἵκετο
1871 1726 2095 1806 θυμόν,

207 1811 296 1874 ὡς
338 1807 481 1875 ἴδεν
527 1807 718 1874 ὀςτέα
759 1809 952 1874 λευκὰ
997 1809 1150 1888 βοὸς
1194 1810 1375 1894 δολίῃ
1419 1809 1523 1876 ἐπὶ
1562 1810 1777 1914 τέχνῃ.
2030 1817 2131 1873 555

209 1893 278 1958 ἑκ
318 1897 437 1958 τοῦ
482 1893 554 1957 δ’
599 1892 1000 1959 ἀθανάτοιςιν
1045 1893 1149 1958 ἐπὶ
1191 1871 1375 1973 χθονί
1418 1895 1585 1975 φῦλ’
1628 1893 1998 1975 ἀνθρώπων

209 1977 458 2043 καίους’
502 1978 692 2043 ὀςτέα
735 1978 929 2043 λευκὰ
971 1980 1298 2057 θυηέντων
1343 1978 1448 2043 ἐπι
1490 1982 1745 2058 βωμῶν.

331 2062 448 2127 τὸν
493 2064 564 2127 δὲ
607 2062 754 2140 μέγ’
783 2060 1057 2139 ὀχθήςας
1100 2064 1393 2143 προςέφη
1437 2062 1910 2141 νεφεληγερέτα
1938 2060 2133 2125 Ζεύς·

216 2146 700 2224 «Ἰαπετιονίδη,
743 2145 1011 2211 πάντων
1055 2148 1199 2223 περὶ
1243 2146 1441 2223 μήδεα
1483 2146 1703 2218 emme,

213 2227 266 2291 ὧ
308 2232 556 2308 πέπον,
603 2229 721 2294 οὐκ
765 2228 891 2307 ἄρα
933 2250 1038 2293 πω
1083 2228 1299 2307 δολίης
1343 2228 1653 2306 ἑπελήθεο
1694 2228 1973 2307 τέχνης.»
2033 2234 2135 2289 560

335 2312 426 2378 ὧς
469 2314 648 2395 φάτο
687 2313 1022 2393 χωόμενος
1065 2314 1230 2378 Ζεὺς
1274 2311 1509 2392 ἄφθιτα
1551 2312 1750 2391 μήδεα
1794 2311 1993 2377 εἰδώς.

211 2394 282 2459 ἐκ
319 2398 558 2461 τούτου
601 2398 669 2461 δ’
711 2396 938 2475 ἤπειτα
979 2396 1182 2462 δόλου
1223 2398 1618 2476 μεμνημένος
1661 2396 1783 2461 αἰεὶ

212 2479 330 2543 οὐκ
373 2480 586 2545 ἐδίδου
615 2481 650 2532 ί
681 2482 940 2560 μελίοιςι
979 2483 1186 2559 πυρὸς
1228 2482 1423 2560 μένος
1466 2480 1812 2559 ἀκαμάτοιο

213 2566 468 2641 θνητοῖς
510 2564 906 2643 ἀνθρώποις,
954 2565 1020 2629 οι
1062 2566 1167 2629 ἐπὶ
1207 2567 1392 2642 χθονὶ
1435 2564 1851 2628 ναιετάουςιν.

81 2691 88 2725 ·.
345 2644 508 2709 ἀλλά
544 2668 646 2725 μιν
689 2649 1077 2727 ἐξαπάτηςεν
1120 2649 1230 2711 ἐὺς
1274 2648 1421 2711 πάις
1461 2647 1771 2711 Ἰαπετοῖο
2030 2654 2131 2706 565

211 2728 460 2808 κλέψας
502 2728 845 2811 ἀκαμάτοιο
889 2733 1096 2811 πυρὸς
1138 2731 1536 2839 τῃλέςκοπον
1580 2730 1785 2809 αὐγὴν

92 2844 96 2851 ·
207 2812 282 2877 ἐν
328 2813 526 2897 κοίλῳ
567 2816 858 2896 νάρθηκι·
904 2816 1094 2881 δάκεν
1139 2816 1210 2880 δ’
1250 2813 1379 2894 ἄρα
1420 2815 1618 2881 νειόθι
1657 2814 1861 2892 θυμὸν

205 2896 368 2975 Ζῆν’
410 2878 864 2979 ὑψιβρεμέτην,
910 2900 1191 2979 ἑχόλωςε
1235 2900 1308 2963 δέ
1352 2919 1453 2977 μιν
1498 2899 1693 2979 φίλον
1738 2897 1929 2976 ἦτορ,

267 2980 479 3047 ςῖδεν
523 2982 911 3062 ἀνθρώποιςι
953 2985 1158 3062 πυρὸς
1199 2984 1594 3061 τηλέςκοπον
1640 2982 1861 3059 αυγήν.

337 3065 558 3129 αὐτίκα
585 3067 657 3131 δ’
685 3065 824 3133 ἀντὶ
852 3068 1056 3146 πυρὸς
1084 3071 1303 3133 τεῦξεν
1332 3067 1529 3130 κακὸν
1575 3064 1987 3141 ἀνθρώποιςι·
2030 3066 2134 3120 570

99 3133 102 3229 ι,
203 3146 392 3225 γαίης
432 3150 556 3228 γὰρ
600 3152 952 3229 ςύμπλαςςε
997 3150 1371 3231 περικλυτὸς
1414 3147 1813 3226 Ἀμφιγυήεις

201 3232 512 3315 παρθένῳ
547 3232 754 3318 αἰδοίῃ
798 3234 1014 3301 ἰ’κελον
1064 3234 1385 3313 Κρονίδεω
1430 3232 1536 3295 διὰ
1580 3230 1831 3309 βουλάς.

332 3320 381 3391 C·
409 3320 574 3384 ζῶςε
615 3319 690 3382 δὲ
731 3318 834 3383 καὶ
875 3318 1137 3397 κόςμηςε
1177 3317 1293 3382 θεὰ
1320 3317 1686 3391 γλαυκῶπις
1727 3312 1956 3392 Ἀθήνη

339 3518 394 3551 v.
433 3504 555 3556 553.
593 3500 833 3567 ἄλειφαρ

277 3598 514 3639 namon.
1700 3586 1734 3633 2
