2507 3935
291 209 372 274 10
1077 208 1415 263 ΗΣῙοΔοΤ

287 378 402 442 τὸν
447 379 561 457 μὲν
607 375 723 455 ἄρ’
765 375 1080 454 ἐξενάριξε
1127 376 1223 456 βίη
1270 373 1638 479 Ἡρακληείη

286 463 462 540 βουςὶ
505 462 665 540 παρ’
710 460 1079 525 εἰλιπόδεςςι
1121 460 1483 542 περιρρύτῳ
1529 459 1619 523 εἰν
1664 457 1973 542 Ἐρυθείῃ,
2110 467 2214 520 290

285 545 471 622 ἤματι
514 551 638 629 τῳ,
687 543 795 609 ὅτε
840 565 961 622 περ
1010 547 1163 623 βοῦς
1205 544 1437 622 ἤλαςεν
1484 543 1975 621 εὐρυμετώπους

283 628 547 707 Τίρυνθ’
576 609 678 693 εἰς
717 627 893 706 ἱερὴν
939 629 1159 706 διαβὰς
1201 627 1411 704 πόρον
1456 626 1823 703 Ὠκεανοῖο,

282 711 526 790 Ὄρθον
571 732 640 776 τε
683 711 930 776 κτείνας
973 713 1074 775 καὶ
1118 711 1438 790 βουκόλον
1477 710 1843 789 Εὐρυτίωνα

285 801 537 878 ςταθμῷ
583 797 655 860 ἐν
699 795 990 874 ἠερόεντι
1031 796 1234 873 πέρην
1279 797 1512 859 κλυτοῦ
1548 793 1900 859 Ὠκεανοῖο.

415 881 454 956 ἣ
486 880 555 942 δ’
584 879 755 943 ἔτεκ’
783 877 946 942 ἄλλο
990 879 1294 957 πέλωρον
1340 877 1695 956 ἀμήχανον,
1741 877 1932 942 οὐδὲν
1979 875 2190 940 ἐοικὸς

283 966 537 1040 θνητοῖς
583 962 948 1040 ἀνθρώποις
995 962 1143 1027 οὐδ’
1187 961 1551 1026 ἀθανάτοιςι
1594 963 1807 1036 θεοῖςι,
2113 968 2215 1020 296

288 1050 433 1123 ςπῆι
476 1046 573 1110 ἑνὶ
615 1049 966 1150 γλαφυρῷ,
1012 1047 1186 1124 θείην
1231 1045 1718 1125 κρατερόφρον’
1758 1045 2088 1126 Ἔχιδναν,
2210 1064 2215 1068 ’

283 1129 464 1207 ἥμιςυ
507 1131 621 1208 μὲν
665 1130 926 1210 νύμφην
971 1129 1345 1208 ἑλικώπιδα,
1388 1129 1845 1212 καλλιπάρῃον,

285 1213 466 1291 ἥμιςυ
509 1215 578 1277 δ’
623 1213 776 1278 αὖτε
820 1214 1123 1292 πέλωρον
1170 1211 1327 1292 ὄφιν
1372 1212 1589 1279 δεινόν
1631 1233 1701 1276 τε
1746 1213 1942 1290 μέγαν
1986 1232 2091 1289 τε,

285 1297 615 1374 ποικίλον,
661 1299 982 1374 ώμηςτήν,
1029 1297 1255 1374 ζαθέης
1298 1297 1428 1360 ὑπὸ
1473 1297 1713 1360 κεύθεςι
1754 1296 1951 1373 γαίης.
2118 1303 2217 1355 300

416 1380 572 1444 ἔνθα
617 1381 690 1443 δέ
735 1379 797 1443 οι
841 1381 1034 1443 ςπέος
1079 1381 1205 1443 ἑςτὶ
1247 1380 1419 1443 κάτω
1460 1379 1643 1462 κοίλῃ
1687 1378 1816 1442 ὑπὸ
1860 1378 2087 1461 πέτρῃ,

287 1465 486 1541 τηλοῦ
533 1463 654 1527 ἀπ’
699 1463 1038 1527 ἀθανάτων
1082 1483 1152 1526 τε
1196 1467 1366 1526 θεῶν
1411 1466 1661 1540 θνητῶν
1706 1463 1773 1526 τ’
1817 1441 2185 1539 ἀνθρώπων

289 1545 430 1610 ἕνθ’
474 1545 599 1625 ἄρα
644 1547 705 1610 οἱ
748 1547 1060 1611 δάςςαντο
1107 1548 1242 1610 θεοι
1284 1548 1481 1611 κλυτὰ
1524 1547 1785 1623 δώματα
1814 1545 2030 1610 ναίειν.

285 1631 324 1706 ἣ
356 1631 423 1692 δ’
455 1629 632 1709 ἔρυτ’
664 1630 755 1695 εἰν
786 1631 1119 1709 Ἀρίμοιςιν
1163 1629 1295 1694 ὑπὸ
1324 1631 1529 1710 χθόνα
1573 1631 1771 1708 λυγρὴ
1815 1629 2093 1707 Ἔχιδνα,

287 1712 612 1778 ἀθάνατος
655 1715 872 1793 νύμφη
917 1715 1019 1777 καὶ
1060 1713 1345 1791 ἀγήραος
1386 1714 1591 1791 ἤματα
1634 1714 1864 1777 πάντα.
2120 1721 2218 1773 305

417 1804 492 1879 τῇ
539 1799 608 1861 δε
654 1798 969 1877 Τυφάονά
1011 1818 1166 1877 φαςι
1208 1798 1537 1875 μιγήμεναι
1579 1797 1651 1861 ἐν
1697 1796 2007 1877 φιλότητι,

287 1881 500 1945 δεινόν
547 1882 612 1943 θ’
643 1879 936 1959 ὑβριςτὴν
981 1880 1228 1960 ἄνομόν
1275 1883 1341 1944 θ’
1372 1881 1694 1945 ἑλικώπιδι
1735 1881 1965 1964 κούρῃ·

285 1965 324 2041 ἢ
372 1966 440 2027 δ’
483 1963 924 2043 ὑποκυςαμένη
969 1965 1186 2030 τέκετο
1229 1965 1723 2046 κρατερόφρονα
1760 1965 1966 2031 τέκνα.

288 2049 529 2125 Ὄρθον
574 2050 689 2127 μὲν
734 2054 997 2127 πρῶτον
1041 2049 1204 2115 κύνα
1246 2049 1502 2126 γείνατο
1552 2052 1886 2129 Γηρυονῆι·

288 2132 591 2210 δεύτερον
639 2131 815 2196 αῦτις
859 2133 1096 2198 ἔτικτεν
1143 2132 1498 2211 ἀμήχανον,
1542 2133 1621 2197 ου
1664 2154 1722 2197 τι
1766 2132 2035 2213 φατειὸν
2120 2141 2221 2193 310

296 2216 621 2294 Κέρβερον
658 2217 984 2295 ώμηςτήν,
1029 2217 1248 2280 Ἀίδεω
1294 2218 1456 2284 κύνα
1499 2217 2000 2296 χαλκεόφωνον,

289 2300 1041 2380 ί’πεντηκοντακέφαλον,
1087 2300 1352 2365 ἀναιδέα
1393 2321 1462 2365 τε
1500 2302 1806 2379 κρατερόν
1852 2320 1950 2364 τε·

416 2383 492 2445 τὸ
537 2383 752 2461 τρίτον
798 2385 1042 2461 Ὕδρην
1089 2382 1263 2447 αὖτις
1310 2384 1598 2460 ἐγείνατο
1644 2384 1833 2461 λύγρ’
1880 2382 2114 2449 εἰδυῖαν

289 2465 622 2545 Λερναίην,
665 2468 745 2543 ἣν
792 2467 992 2545 θρέψε
1037 2468 1152 2531 θεὰ
1194 2468 1591 2532 λευκώλενος
1636 2469 1800 2546 Ἥρη

289 2548 578 2628 ἄπλητον
622 2550 932 2614 κοτέουςα
977 2551 1075 2633 βίῃ
1121 2551 1521 2634 Ἡρακληείῃ·
2119 2559 2220 2612 315

292 2636 393 2697 καὶ
435 2636 551 2711 τὴν
597 2636 712 2713 μὲν
757 2634 920 2698 Διὸς
965 2634 1102 2698 υιός
1146 2635 1421 2714 ἐνήρατο
1464 2636 1643 2713 νηλέι
1685 2638 1901 2720 χαλκῷ

293 2721 340 2791 Ε
383 2717 967 2796 Ἀμφιτρυωνιάδης
1015 2720 1126 2783 ςὺν
1173 2718 1489 2803 ἀρηιφίλῳ
1534 2720 1787 2803 Ἰολάῳ,

317 2807 363 2879 ξ)
377 2800 722 2879 Ἡρακλέης
766 2804 1061 2883 βουλῇςιν
1107 2802 1437 2879 Ἀθηναίης
1480 2784 1788 2881 ἀγελείης.

413 2885 454 2961 ἣ
485 2886 557 2947 δὲ
587 2883 890 2963 Χίμαιραν
937 2886 1134 2949 ἔτικτε
1175 2886 1503 2951 πνέουςαν
1550 2886 1972 2965 ἀμαιμάκετον
2018 2890 2178 2966 πῦρ,

289 2968 504 3045 δεινήν
547 2988 617 3031 τε
661 2970 937 3046 μεγάλην
982 2989 1084 3047 τε,
1128 2970 1431 3033 ποδώκεά
1473 2990 1542 3035 τε
1583 2972 1894 3050 κρατερήν
1936 2990 2034 3035 τε·
2124 2980 2223 3031 320

290 3056 403 3128 τῆς
446 3053 512 3117 δ’
539 3050 619 3129 ἦν
663 3056 828 3129 τρεῖς
873 3052 1176 3145 κεφαλαί,
1222 3053 1331 3131 μία
1373 3056 1486 3132 μὲν
1532 3058 1879 3135 χαροποῖο
1898 3056 2191 3130 λέοντος,

289 3136 328 3211 ἣ
374 3137 445 3199 δὲ
489 3135 804 3215 χιμαίρης,
849 3138 888 3215 ἣ
934 3138 1000 3200 δ’
1045 3128 1271 3216 ὄφιος,
1315 3142 1651 3217 κρατεροῖο
1694 3138 2082 3216 δράκοντος·

291 3278 514 3349 πρόσθε
549 3284 712 3367 λέων,
751 3280 967 3341 ὄπιθεν
1002 3285 1071 3341 δὲ
1087 3286 1357 3370 δράκων,
1394 3286 1573 3357 μέσση
1612 3287 1677 3341 δὲ
1714 3292 1982 3359 χι’,μαιρα
2124 3294 2227 3342 323

294 3350 489 3403 δεινὸν
525 3326 922 3406 ἀποπνείουσα
957 3350 1140 3421 πυρᾶς
1176 3329 1357 3421 μένος
1384 3353 1749 3425 αἰθομένοιο.

423 3496 476 3531 v.
514 3486 630 3534 307.
666 3483 929 3553 ὑβριςτήν
964 3490 1026 3541 τ’
1061 3488 1273 3554 ἄνεμον
1308 3488 1593 3563 ἑλικώπιδι
