2507 3935
25 415 82 476 ῑιῳ

28 742 86 791 205
107 756 120 815 f

27 1163 74 1213 ιιι

25 1585 72 1637 215
93 1586 103 1625 Ι

869 228 1103 280 ΑΣΠῙΣ
1137 229 1616 282 ΗΡΑΚΛΕΟΤΣ.
2119 229 2203 297 65

266 397 370 464 τοὶ
413 397 529 478 μὲν
573 396 735 477 ὑπὲρ
781 397 1090 478 ςφετέρης
1133 397 1365 463 πόλιος
1408 398 1738 478 ςφετέρων
1782 417 1853 463 τε
1894 398 2150 479 τοκήων

269 483 496 558 λοιγὸν
541 481 927 563 ἀμύνοντες,
972 483 1072 546 τοὶ
1114 483 1186 545 δὲ
1229 483 1533 561 πραθέειν
1578 487 1929 562 μεμαῶτες·
2099 491 2203 544 240

268 567 506 632 πολλοὶ
549 570 665 648 μὲν
709 567 935 641 κέατο,
979 565 1259 631 πλέονες
1300 567 1370 631 δ’
1412 565 1503 633 ἔτι
1546 570 1733 646 δῆριν,
1774 567 2037 646 ἔχοντες

268 652 616 731 μάρνανθ’·
661 651 729 716 αἱ
771 652 844 716 δὲ
887 653 1184 726 γυναῖκες
1227 648 1560 730 ἐυδμήτων
1606 650 1708 715 ἐπὶ
1750 651 2020 729 πύργων

265 736 549 814 χάλκεον
593 735 708 802 ὀξὺ
755 735 953 814 βόων,
997 734 1158 799 κατὰ
1203 734 1272 799 δ’
1315 735 1715 815 ἐδρύπτοντο
1760 733 2061 813 παρειάς,

269 825 502 900 ζωῇςιν
543 818 779 896 ἴκελαι,
824 819 982 898 ἔργα
1022 822 1261 884 κλυτοῦ
1304 819 1707 899 Ἡφαίςτοιο·

269 903 502 982 ἄνδρες
546 904 636 982 δ’,
681 904 749 969 οἳ
790 905 1100 983 πρεςβῆες
1144 902 1296 968 ἔςαν
1339 905 1505 988 γήρᾳ
1546 923 1617 969 τε
1647 904 1680 952 †
1709 903 2041 984 μέμαρται,
2098 910 2203 964 245

269 986 496 1066 ἀθρόοι
539 987 841 1070 ἔντοςθεν
884 987 1146 1054 πυλέων
1191 986 1364 1066 ἔςαν,
1408 989 1488 1054 ἂν
1535 989 1608 1054 δὲ
1650 991 1846 1053 θεοῖςι

268 1075 489 1148 χεῖρας
531 1070 688 1148 ἔχον
732 1073 1095 1149 μακάρεςςι,
1139 1073 1288 1150 περὶ
1329 1073 1687 1152 ςφετέροιςι
1729 1073 1965 1138 τέκεςςι

272 1153 604 1218 δειδιότες·
647 1154 751 1218 τοὶ
789 1155 860 1218 δ’
888 1153 1042 1218 αὖτε
1085 1156 1294 1233 μάχην
1338 1155 1512 1234 ἔχον.
1570 1155 1639 1218 αῖ
1680 1156 1753 1220 δε
1796 1157 1936 1234 μετ’
1965 1153 2203 1220 αὐτοὺς

279 1237 478 1315 Κῆρες
522 1237 814 1313 κυάνεαι,
859 1238 1130 1302 λευκοὺς
1173 1237 1511 1318 ἀραβεῦςαι
1555 1237 1867 1315 ὀδόντας,

269 1322 580 1388 δεινωποὶ
623 1320 922 1401 βλοςυροί
963 1341 1033 1386 τε
1076 1322 1381 1401 δαφοινοί
1422 1323 1489 1386 τ’
1530 1321 1806 1401 ἄπλητοί
1847 1341 1919 1387 τε
2103 1329 2205 1384 250

268 1407 458 1484 δῆριν
501 1405 658 1485 ἔχον
701 1408 848 1484 περὶ
891 1405 1293 1472 πιπτόντων·
1337 1409 1531 1472 πᾶςαι
1575 1407 1643 1471 δ’
1684 1405 1797 1485 ἄρ’
1838 1406 2013 1471 ἵεντο

267 1488 424 1569 αἷμα
467 1491 669 1570 μέλαν
712 1491 946 1555 πιέειν·
995 1489 1075 1555 ὃν
1119 1492 1192 1554 δὲ
1234 1495 1502 1568 πρῶτον
1548 1491 1981 1570 Ἰ’μεμάρποιεν

267 1574 567 1651 κείμενον
610 1575 656 1652 ἢ
696 1573 1015 1638 πίπτοντα
1057 1574 1437 1653 νεούτατον,
1483 1576 1645 1654 ἀμφὶ
1686 1577 1802 1654 μὲν
1847 1575 2023 1658 αὐτῷ

268 1655 509 1737 Τβάλλ’.
551 1656 793 1738 ὄνυχας
835 1657 1180 1739 μεγάλους·
1226 1661 1401 1739 ψυχὴ
1444 1659 1510 1723 δ’
1538 1659 1828 1724 ’Άιδόςδε
1871 1659 2165 1722 Ἰ’κατεῖεν

268 1740 608 1820 Τάρταρον
639 1741 706 1807 ἐς
731 1741 1062 1828 κρυόενθ’·
1109 1741 1179 1806 αἳ
1209 1744 1282 1807 δὲ
1312 1743 1556 1823 φρένας
1586 1741 1729 1808 εὖτ’
1758 1741 2073 1821 ἀρέςαντο
2102 1749 2203 1802 255

271 1824 542 1934 αἵματρς
585 1825 984 1930 ἀνδρομέου,
1019 1826 1147 1930 Ἀτὸν
1192 1828 1333 1931 μὲν,
1354 1825 1698 1934 ῥίπταςιξον
1740 1825 2014 1932 ὀπξςςω,

268 1909 1183 2077 ἳᾶωξώὸἓὲῗῗάξὲἑιξῗὲῗῖ
1211 1911 2203 2103 ἒὲἓέξὲἔαῖῗτέἶμέῗὲἒῆσσων

257 2073 603 2159 Ἀτροπος·
625 2070 713 2141 οὔ
753 2100 817 2140 τι
859 2074 1064 2141 πέλεν
1105 2078 1361 2161 μεγάλη
1405 2078 1598 2160 θεός,
1644 2076 1787 2143 αλλ’
1835 2076 1967 2162 ἄρα
1994 2080 2027 2128 †
2053 2070 2098 2159 ἥ
2126 2098 2204 2159 γε

270 2161 459 2225 ῒτῶν
497 2182 579 2242 γε
606 2160 736 2243 μὲν
761 2158 1037 2225 ἀλλάων
1064 2158 1411 2245 προφερής
1438 2158 1499 2225 τ’
1530 2152 1619 2245 ἦν
1648 2162 2080 2245 πρεσβυτάτη
2108 2182 2202 2227 τε.

270 2247 462 2311 πᾶςαι
506 2245 574 2309 δ’
619 2247 787 2326 ἀμφ’
831 2245 926 2311 ἑνὶ
967 2246 1135 2326 φωτὶ
1177 2246 1385 2326 μάχην
1428 2250 1717 2328 δριμεῖαν
1761 2247 2019 2325 ἔθεντο,
2102 2254 2205 2307 260

269 2330 452 2395 δεινὰ
493 2330 560 2393 δ’
589 2329 658 2393 ἐς
701 2328 980 2408 ἀλλήλας
1022 2330 1266 2411 δράκον
1311 2330 1534 2411 ὄμμαςι
1577 2332 1953 2413 θυμήναςαι,

269 2412 346 2478 ἐν
389 2413 458 2477 δ’
501 2412 741 2493 ὄνυχας
786 2414 1003 2494 χεῖράς
1043 2434 1114 2480 τε
1158 2416 1448 2495 θραςείας
1493 2416 1818 2481 ἰςώςαντο.

270 2498 404 2576 πὰρ
448 2497 518 2560 δ’
560 2499 785 2575 Ἀχλὺς
829 2498 1090 2577 εἱςτήκει
1132 2500 1509 2579 ἐπιςμυγερή
1552 2521 1623 2565 τε
1666 2502 1771 2565 καὶ
1812 2499 1987 2578 αἰνή,

268 2580 523 2661 χλωρή,
568 2580 878 2661 ἀυςταλέη
895 2631 911 2657 ,
957 2585 1117 2666 λιμῷ
1162 2586 1669 2662 καταπεπτηυῖα,
2102 2592 2203 2646 265

267 2665 718 2744 γουνοπαχής·
762 2667 988 2744 μακροὶ
1031 2667 1100 2729 δ’
1143 2665 1375 2746 ὄνυχες
1418 2668 1722 2747 χείρεςςιν
1765 2666 2033 2744 ὑπῆςαν.

268 2752 386 2826 τῆς
428 2748 500 2813 ἑκ
541 2752 655 2827 μὲν
703 2748 901 2827 ῥινῶν
947 2749 1128 2827 μύξαι
1160 2750 1335 2829 ῥέον,
1381 2751 1453 2816 ἐκ
1497 2752 1570 2817 δὲ
1612 2752 1899 2831 παρειῶν

269 2832 412 2911 αἷμ’
457 2831 820 2913 ἀπελείβετ’
862 2832 1072 2912 ἔραζ’·
1115 2834 1154 2911 ἢ
1201 2835 1269 2900 δ’
1312 2834 1601 2914 ἄπλητον
1646 2837 1938 2913 ςεςαρυῖα

272 2916 568 2995 εἱςτήκει,
612 2918 823 2997 πολλὴ
869 2919 941 2983 δὲ
982 2917 1160 2983 κόνις
1201 2920 1626 2997 κατενήνοθεν
1672 2918 1918 2999 ὤμους,

271 3001 529 3079 δάκρυςι
549 3002 845 3079 μυδαλέη.
931 3002 1109 3080 παρὰ
1137 3003 1193 3065 δ’
1224 3002 1546 3082 εὔπυργος
1568 3003 1753 3068 πόλις
1776 3004 2067 3084 ἀνδρῶν·
2101 3013 2204 3067 270

268 3084 552 3163 χρύςειαι
595 3086 667 3148 δέ
710 3104 812 3162 μιν
856 3084 1038 3163 εἶχον
1081 3084 1489 3164 ὑπερθυρίοις
1532 3087 1827 3165 ἀραρυῖαι
1974 3112 1978 3119 ’

274 3168 438 3233 ἑπτὰ
481 3168 693 3233 πύλαι·
737 3168 836 3233 τοὶ
879 3170 947 3232 δ’
991 3166 1223 3247 ἄνδρες
1267 3170 1340 3235 ἐν
1384 3168 1672 3245 ἀγλαΐαις
1715 3190 1783 3235 τε
1827 3174 2049 3251 χοροῖς
2091 3192 2162 3238 τε

272 3252 501 3332 τέρψιν
547 3252 729 3331 ἔχον·
773 3254 874 3316 τοὶ
914 3254 1028 3329 μὲν
1072 3254 1197 3331 γὰρ
1243 3252 1603 3332 ἐυςςώτρου
1646 3254 1758 3317 ἐπ’
1803 3254 2050 3335 ἀπήνης

271 3334 503 3414 ἤγοντ’
547 3335 732 3415 ἀνδρὶ
774 3339 1074 3416 γυναῖκα,
1119 3336 1326 3404 πολὺς
1368 3338 1435 3401 δ’
1477 3337 1778 3418 ὑμέναιος
1821 3339 2087 3419 ὀρώρει·

407 3537 461 3573 v.
498 3524 616 3577 245.
653 3518 830 3587 γῆράς
865 3521 930 3574 τ’
964 3518 1283 3588 ἑμέμαρπεν
1386 3522 1561 3590 γῆράς
1594 3539 1661 3578 τε
1697 3522 1989 3589 μέμαρπον

339 3620 566 3659 namon.
1763 3610 1797 3659 5
