2507 3935
808 214 1048 268 unm:
1073 215 1553 270 ΗΡΑΚΛΕΟΤΣ.
2025 295 2029 299 -
2063 218 2153 284 63

229 379 840 462 Ἀμφιτρυωνιάδης,
883 383 965 447 τὰ
1008 383 1082 448 δὲ
1123 383 1338 448 δαίετο
1384 385 1672 464 θαυματὰ
1716 385 1906 464 ἔργα·
2046 395 2147 447 165

231 465 529 544 ςτίγματα
571 466 636 530 δ’
681 464 771 531 ὧς
815 465 1146 546 ἐπέφαντο
1191 467 1350 532 ἰδεῖν
1395 473 1658 534 δεινοῖςι
1702 471 2032 548 δράκουςι,

228 548 521 614 ΐκυάνεοι
562 549 720 614 κατὰ
761 556 968 627 νῶτα,
1013 550 1409 630 μελάνθηςαν
1454 553 1526 617 δὲ
1568 553 1804 628 γένεια.

311 633 383 698 ἐν
427 635 499 697 δὲ
543 637 711 698 ςυῶν
757 633 1323 713 ἀγέλαιχλούνων
1367 635 1517 701 ἔςαν
1559 635 1675 714 ἠδὲ
1718 637 2004 703 λεόντων

229 715 294 780 ἐς
337 717 534 796 ςφέας
577 717 1005 796 δερκομένων,
1047 718 1409 784 κοτεόντων
1455 721 1521 784 θ’
1560 719 1831 799 ἱεμένων
1872 740 1961 796 τε,

224 804 356 865 τῶν
398 802 502 864 καὶ
543 800 850 879 ὁμιληδὸν
893 801 1094 880 ςτίχες
1136 803 1345 881 ἤιςαν·
1392 803 1547 868 οὐδέ
1588 825 1669 868 νυ
1712 811 1846 870 τῶν
1890 825 1963 881 γε
2046 815 2148 871 170

229 882 558 964 οὐδέτεροι
600 886 892 964 τρεέτην·
935 887 1203 965 φρῖςςόν
1247 907 1321 962 γε
1364 889 1479 966 μὲν
1524 887 1801 966 αὐχένας
1845 888 2061 968 ἄμφω.

227 967 348 1047 ἤδη
391 969 514 1047 γάρ
561 988 709 1049 ςφιν
753 969 958 1035 ἔκειτο
1002 972 1195 1050 μέγας
1239 973 1369 1049 λῖς,
1415 972 1578 1051 ἀμφὶ
1621 973 1692 1036 δέ
1736 973 1968 1051 κάπροι

227 1052 424 1127 δοιοί,
470 1052 910 1130 ἀπουράμενοι
953 1054 1196 1133 ψυχάς,
1240 1057 1401 1119 κατὰ
1444 1056 1517 1120 δέ
1561 1076 1669 1134 ςφι
1710 1058 2009 1123 κελαινὸν

177 1143 186 1154 ’
227 1133 367 1213 αἷμ’
415 1134 776 1215 ἀπελείβετ’
820 1135 1023 1214 ἔραζ’·
1071 1138 1139 1200 οι
1170 1139 1248 1201 δ’
1294 1137 1570 1215 αὐχένας
1611 1139 2010 1218 ἐξεριπόντες

226 1219 438 1283 κείατο
480 1221 836 1297 τεθνηῶτες
877 1217 1006 1285 ὑπὸ
1053 1223 1411 1300 βλοςυροῑςι
1455 1223 1689 1286 λέουςι.
2046 1232 2145 1291 175

223 1302 331 1367 τοὶ
373 1303 443 1366 δ’
484 1303 576 1368 ἔτι
619 1306 866 1381 μᾶλλον
909 1303 1268 1384 ἐγειρέςθην
1310 1306 1609 1370 κοτέοντε
1652 1305 1981 1385 μάχεςθαι,

227 1385 613 1466 ἀμφότεροι,
658 1386 928 1464 χλοῦναί
969 1407 1039 1452 τε
1085 1389 1226 1453 ςύες
1270 1390 1547 1467 χαροποὶ
1588 1410 1659 1454 τε
1703 1391 1977 1455 λέοντες.

309 1471 381 1535 ἐν
427 1471 492 1534 δ’
535 1469 615 1548 ἦν
660 1469 877 1550 ὑςμίνη
919 1472 1268 1537 Λαπιθάων
1314 1472 1681 1553 αἰχμητάων

229 1553 460 1619 Καινέα
499 1555 565 1617 τ’
609 1552 772 1632 ἀμφὶ
813 1553 1076 1630 ἄνακτα,
1119 1556 1430 1633 Δρύαντά
1471 1577 1540 1620 τε
1583 1557 1927 1635 Πειρίθοόν
1971 1578 2062 1635 τε,
2174 1597 2179 1601 ·

223 1637 468 1702 Ὁπλέα
508 1637 574 1702 τ’
603 1637 883 1705 Ἐξάδιόν
924 1659 1014 1715 τε,
1057 1637 1359 1717 Φάληρόν
1400 1659 1471 1704 τε
1511 1640 1876 1718 Πρόλοχόν
1904 1661 2005 1720 τε,
2048 1651 2147 1703 180

229 1721 473 1800 Μόψον
515 1721 580 1784 τ’
621 1721 1004 1801 Ἀμπυκίδην
1049 1722 1444 1800 Τιταρήςιον,
1488 1722 1643 1790 ὄζον
1686 1725 1952 1804 Ἄρηος,

227 1805 434 1883 Θηςέα
475 1805 541 1868 τ’
583 1804 893 1885 Αἰγείδην,
939 1807 1293 1872 ἐπιείκελον
1338 1807 1770 1873 ἀθανάτοιςιν·

225 1888 558 1969 ἀργύρεοι,
603 1890 857 1969 χρύςεια
899 1891 1046 1970 περὶ
1087 1889 1235 1970 χροῒ
1276 1891 1491 1971 τεύχε’
1534 1891 1815 1971 ἔχοντες.

229 1973 574 2053 Κένταυροι
617 1975 684 2037 δ’
727 1973 1036 2052 ἑτέρωθεν
1081 1976 1357 2040 ἐναντίοι
1402 1975 1787 2055 ἠγερέθοντο

225 2058 392 2138 ἀμφὶ
433 2060 632 2137 μέγαν
675 2058 1000 2136 Πετραῖον
1043 2056 1132 2123 ἰδ’
1173 2060 1487 2138 Ἄςβολον
1534 2060 1887 2137 οἰωνιςτήν,
2044 2069 2145 2121 185

221 2142 496 2220 Ἄρκτον
541 2140 608 2205 τ’
651 2140 922 2219 Οὔρειόν
965 2162 1066 2220 τε,
1111 2142 1534 2222 μελαγχαίτην
1576 2163 1645 2208 τε
1692 2143 2003 2221 Μίμαντα,

222 2228 328 2291 καὶ
370 2227 490 2291 δύο
534 2226 883 2291 Πευκείδας
922 2226 1287 2305 Περιμήδεά
1328 2246 1397 2291 τε
1438 2226 1749 2305 Δρύαλόν
1790 2246 1891 2304 τε,

224 2310 560 2389 ἀργύρεοι,
605 2310 873 2388 χρυςέας
915 2310 1142 2375 ἐλάτας
1186 2310 1257 2374 ἐν
1302 2312 1513 2388 χερςὶν
1556 2310 1837 2389 ἔχοντες.

224 2395 325 2459 καί
365 2414 435 2459 τε
478 2394 818 2473 ςυναῖγδην
865 2392 1012 2458 ὡςεὶ
1053 2395 1208 2461 ζωοί
1251 2414 1373 2473 περ
1418 2392 1635 2459 ἐόντες

221 2476 471 2556 ἔγχεςιν
511 2476 624 2555 ἠδ’
665 2478 895 2561 ἐλάτῃς
937 2478 1328 2557 αὐτοςχεδὸν
1374 2477 1768 2557 ὠριγνῶντο.
2046 2486 2144 2538 190

309 2562 380 2628 ἐν
424 2562 493 2626 δ”
533 2562 759 2640 ”·Αρεος
803 2565 1143 2641 βλοςυροῖο
1186 2562 1511 2626 ποδώκεες
1553 2562 1817 2626 ἕςταςαν
1858 2559 2048 2624 ἵπποι

219 2648 508 2725 χρύςεοι,
552 2645 626 2710 ἐν
671 2647 742 2710 δὲ
784 2647 886 2710 καὶ
927 2645 1122 2709 αὐτὸς
1165 2645 1533 2724 ἐναρφόρος
1577 2643 1796 2708 οὔλιος
1836 2642 2059 2722 ’,Αρης

219 2732 453 2810 αἰχμὴν
497 2730 566 2796 ἐν
611 2730 911 2809 χείρεςςιν
955 2728 1149 2807 ἔχων,
1193 2729 1523 2806 πρυλέεςςι
1565 2726 1871 2803 κελεύων,

219 2815 434 2894 αἵματι
478 2814 857 2892 φοινικόεις,
903 2812 1054 2877 ὠςεὶ
1094 2813 1305 2879 ζωοὺς
1348 2810 1681 2889 ἐναρίζων,

219 2899 435 2983 δίφρῳ
480 2898 911 2979 ἐπεμβεβαώς·
957 2898 1132 2975 παρὰ
1177 2899 1248 2961 δὲ
1278 2896 1520 2975 Δεῖμός
1561 2915 1631 2960 τε
1675 2894 1889 2975 Φόβος
1932 2914 2001 2961 τε
2047 2902 2143 2957 195

218 2962 486 3047 ἕςταςαν
529 2981 767 3062 ἱέμενοι
810 2982 1100 3061 πόλεμον
1143 2980 1566 3061 καταδύμεναι
1612 2980 1887 3057 ἀνδρῶν.

215 3064 295 3129 ἑν
339 3066 414 3131 δὲ
453 3065 620 3130 Διὸς
663 3065 940 3143 θυγάτηρ
985 3063 1238 3142 ἀγελείη
1283 3063 1721 3140 Τριτογένεια,

212 3156 302 3296 τὲ
340 3148 548 3228 ἰκέλη,
593 3148 741 3214 ὡςεί
781 3168 852 3213 τε
896 3147 1102 3228 μάχην
1147 3146 1453 3211 ἑθέλουςα
1494 3145 1840 3223 κορύςςειν,

302 3252 461 3311 γχος
503 3232 725 3312 ἔχους’
767 3232 839 3299 ἐν
882 3233 1056 3312 χερςὶ
1097 3230 1367 3309 χρυςέην
1410 3249 1481 3294 τε
1523 3228 1940 3308 τρυφάλειαν,

209 3315 434 3393 αἰγίδα
461 3318 524 3381 τ’
553 3316 720 3397 ἀμφ’
750 3316 979 3396 ὤμοις·
1017 3316 1121 3380 ἐπὶ
1150 3313 1218 3378 δ’
1242 3315 1448 3397 ᾤχετο
1479 3313 1766 3395 φύλοπιν
1796 3310 1999 3389 αἰνήν.
2041 3318 2145 3370 200

355 3516 410 3554 v.
447 3504 543 3553 166
579 3517 661 3567 sq.
696 3499 953 3567 δράκουςι
981 3499 992 3567 Ι
1021 3498 1230 3551 κυάνεα
