2507 3935
830 189 831 192 ’
851 185 1043 238 ΕΡΓΑ
1076 185 1205 236 ΚΑΙ
1237 185 1543 239 HMEPAI.
2071 185 2153 251 41

234 347 301 413 οἵ
340 369 412 414 τε
456 350 803 428 μελιςςάων
847 350 1131 429 κάματον
1172 351 1511 430 τρύχουςιν
1557 351 1831 431 ἀεργοὶ
2058 363 2159 416 305

235 433 557 499 ἔςθοντες·
601 436 697 500 ςοὶ
739 435 803 498 δ’
849 435 1036 514 ἔργα
1080 434 1223 514 φίλ’
1269 435 1429 501 ἔςτω
1474 436 1691 516 μέτρια
1734 438 2019 516 κοςμεῖν,

234 515 324 581 ὥς
368 517 438 581 κέ
480 537 581 583 τοι
623 518 865 598 ὡραίου
911 518 1185 598 βιότου
1229 521 1582 598 πλήθωςι
1626 520 1905 585 καλιαί.

359 685 460 751 Ἐξ
501 684 758 765 ἔργων
803 685 1034 764 ἄνδρες
1077 685 1439 765 πολύμηλοί
1481 687 1548 751 τ’
1582 647 1852 767 ἀφνειοί
1891 708 1991 764 τε,

233 767 336 832 καί
377 770 444 833 τ’
487 769 1023 849 ἐργαζόμενος
1067 771 1235 835 πολὺ
1283 771 1585 851 φίλτερος
1627 771 2051 837 ἀθανάτοιςιν.

235 917 511 998 Ἐργον
554 919 624 984 δ’
668 919 861 986 οὐδὲν
906 919 1190 997 ὄνειδος,
1235 920 1509 1002 ἀεργίη
1554 921 1719 987 δέτ’
1749 920 2017 989 ὄνειδος.
2061 929 2159 984 311

362 1069 428 1133 Εἰ
468 1070 541 1134 δέ
583 1090 691 1138 κεν
734 1070 1058 1174 ἐργάζῃ,
1099 1069 1264 1151 τάχα
1307 1092 1388 1137 ce
1418 1072 1682 1177 ζηλώςει
1726 1073 2017 1152 ἀεργὸς

236 1155 663 1219 πλουτεῦντα·
709 1155 972 1236 πλούτῳ
1017 1156 1084 1218 δ’
1116 1155 1307 1234 ἀρετὴ
1353 1157 1455 1221 καὶ
1497 1159 1689 1220 κῦδος
1734 1156 2033 1236 ὀπηδεῖ.

363 1305 614 1383 δαίμονι
655 1305 688 1354 †
732 1306 800 1369 δ’
831 1305 972 1390 οἷος
1016 1305 1238 1384 ἔηςθα,
1281 1306 1358 1371 τὸ
1402 1303 1769 1384 ἐργάζεςθαι
1811 1303 2162 1386 ἄμεινον,

239 1386 296 1452 εἴ
335 1408 446 1452 κεν
490 1387 614 1453 ἀπ’
657 1387 1110 1468 ἀλλοτρίων
1154 1389 1514 1455 κτεάνων
1560 1389 1914 1470 ἀεςίφρονα
1956 1391 2161 1469 θυμὸν

239 1470 323 1536 εἰς
369 1470 611 1551 ἔργον
655 1474 898 1552 τρέψας
940 1476 1203 1554 μελετᾷς
1245 1473 1453 1552 βίου,
1501 1473 1589 1537 ὥς
1621 1494 1687 1538 ςε
1715 1475 1975 1540 κελεύω.
2062 1483 2164 1536 316

235 1621 490 1687 Αἰδώς
531 1641 630 1686 τοι
672 1623 837 1701 πρὸς
879 1621 1180 1707 ἀνολβίῃ,
1225 1623 1456 1702 θάρςος
1499 1624 1574 1689 δὲ
1600 1623 1765 1703 πρὸς
1806 1621 2033 1708 ὄλβῳ.
2063 1633 2164 1686 319

365 1773 725 1851 Χρήματα
777 1773 846 1838 δ’
888 1772 1011 1853 οὐχ
1067 1773 1451 1854 ἁρπακτά,
1519 1773 1859 1839 θεόςδοτα
1912 1775 2164 1841 πολλὸν

1654 1855 1977 1936 ἀμείνω·
2062 1868 2166 1922 320

239 1940 293 2006 εἰ
332 1941 457 2019 γάρ
499 1959 591 2005 τις
632 1941 734 2005 καὶ
775 1941 948 2021 χερςὶ
991 1939 1088 2026 βίῃ
1132 1942 1331 2020 μέγαν
1376 1940 1625 2023 ὄλβον
1673 1942 1888 2022 ἕληται

237 2026 276 2103 ἢ
322 2024 361 2089 6
389 2026 460 2100 γ’
492 2024 624 2090 ἀπὸ
667 2026 950 2104 γλώςςης
994 2005 1337 2105 ληίςςεται,
1383 2024 1491 2091 οἷά
1531 2047 1602 2091 τε
1646 2028 1862 2091 πολλὰ

238 2110 550 2187 γίγνεται,
595 2106 739 2176 εὖτ’
783 2108 864 2174 ἂν
909 2109 986 2187 δὴ
1030 2110 1257 2188 κέρδος
1302 2109 1463 2176 νόον
1508 2108 1863 2192 ἐξαπατήςῃ

240 2193 639 2272 ἀνθρώπων,
683 2192 874 2256 αἰδῶ
920 2194 993 2257 δέ
1036 2194 1101 2257 τ’
1146 2191 1428 2272 ἀναιδείη
1472 2194 1833 2276 κατοπάζῃ,

241 2276 379 2355 ῥεῖα
420 2278 492 2342 δέ
534 2297 637 2355 μιν
682 2280 1030 2356 μαυροῦςι
1073 2277 1240 2355 θεοί,
1284 2277 1607 2380 μινύθουςι
1650 2278 1721 2341 δὲ
1766 2240 1933 2341 ὸῖκοι
2064 2286 2163 2339 325

241 2361 454 2440 ἀνέρι
459 2366 584 2443 τῷ,
629 2364 882 2440 παῦρον
926 2360 999 2425 δέ
1040 2360 1104 2425 τ’
1139 2360 1245 2425 ἐπὶ
1287 2361 1532 2440 χρόνον
1577 2356 1815 2441 ὄλβος
1860 2360 2162 2440 ὀπηδεῖ.

364 2510 531 2577 Ἰςον
560 2513 629 2577 δ’
659 2510 827 2576 ὅςθ’
856 2510 1067 2590 ἱκέτην
1111 2511 1186 2575 ὅς
1229 2532 1300 2577 τε
1344 2514 1557 2579 ξεῖνον
1603 2511 1845 2581 κακὸν
1874 2511 2165 2591 ῒέρξει,

243 2594 316 2661 ὅς
357 2616 426 2660 τε
467 2596 869 2699 καςιγνήτοιο
914 2596 1026 2660 ἑοῦ
1072 2594 1198 2660 ἀνὰ
1240 2596 1463 2675 δέμνια
1490 2595 1786 2676 †ssotiv01‚

243 2671 1673 2868 '53⁰3‘ssss{sss'g'ffis‘ssffsnga‘fweg
1714 2641 1943 2833 ΞΞΞΞέῖ
2064 2770 2171 2845 330,

245 2846 316 2911 ὅς
358 2866 428 2911 τε
470 2850 682 2926 γονῆα
721 2824 1002 2925 γέροντα
1045 2852 1218 2931 κακῷ
1264 2847 1368 2912 ἐπὶ
1398 2847 1639 2925 γήραος
1683 2844 1861 2929 οὐδῷ

243 2930 487 2996 νεικείει
529 2933 858 3009 χαλεποῖςι
897 2910 1379 3009 καθαπτόμενος
1422 2930 1691 2996 ἑπέεςςι·
1806 2973 1810 2979 -

244 3019 334 3096 τῷ
377 3015 455 3092 δή
499 3033 597 3077 τοι
638 3014 804 3079 Ζεὺς
847 3013 1040 3078 αὐτὸς
1084 3013 1397 3090 ἀγαίεται
1441 3014 1507 3077 ἐς
1551 3014 1623 3077 δὲ
1650 3014 1956 3092 τελευτὴν

246 3096 498 3177 ἔργων
541 3096 689 3164 ἀντ’
733 3097 1025 3164 ἀδίκων
1068 3098 1355 3175 χαλεπὴν
1402 3094 1707 3173 ἐπέθηκεν
1754 3095 2040 3175 ἀμοιβήν.

247 3267 344 3318 310
411 3260 606 3318 ἔσσεαι
637 3256 747 3334 ἠδὲ
783 3265 988 3334 βροτοῖ
957 3278 1042 3327 ι·ς
1081 3258 1238 3332 μάλα
1271 3282 1381 3332 γαρ
1418 3258 1753 3330 στυγέουσιν
1790 3252 2063 3331 ἅεργόν.

248 3399 344 3452 317
380 3425 444 3436 —-
480 3395 562 3451 Αἰ
573 3392 703 3477 Ome
741 3390 798 3451 δ’
839 3391 946 3452 οὐκ
983 3390 1182 3466 ἀγαθὴ
1220 3393 1577 3481 κεχρημένον
1616 3387 1805 3477 ανδρᾳ
1838 3396 2087 3462 κομίζει,

379 3490 444 3505 -·-
481 3457 727 3532 αἰδώς,
763 3457 804 3534 ἦ
839 3485 870 3519 τ
879 3457 1143 3531 ’ἄνδρας
1178 3462 1329 3533 μέγα
1365 3464 1589 3517 σίνεται
1622 3454 1719 3532 ἠδ’
1762 3454 2044 3530 ὀνίνησιν.
