2507 3935
965 146 1354 248 ΘΕοΡοΝΙΑ.
1848 157 1859 176 ²
2055 193 2135 258 19

210 361 500 439 ἔμμεναι·
548 359 623 424 ὃς
668 359 738 424 δέ
781 379 848 423 κε
893 360 1080 444 τέτμῃ
1127 359 1511 440 ἀταρτηροῖο
1555 363 1876 440 γενέθλης,
2034 369 2135 423 610

209 445 360 511 ζώει
405 443 499 508 ἐνὶ
542 444 854 520 ςτήθεςςιν
901 422 1071 547 ἔχων
1116 443 1415 510 ἀλίαςτον
1463 445 1645 523 ἀνίην

209 533 388 612 θυμῷ
433 527 536 591 καὶ
579 527 830 610 κραδίῃ,
875 529 977 591 καὶ
1021 526 1366 606 ἀνήκεςτον
1409 530 1605 595 κακόν
1652 529 1832 596 ἐςτιν.

339 692 431 758 ὧς
475 695 592 758 οὐκ
635 695 758 758 ἔςτι
800 695 967 758 Διὸς
1007 695 1236 774 κλέψαι
1278 696 1439 762 νόον
1486 697 1638 762 οὐδὲ
1679 699 2037 776 παρελθεῖν.

213 779 368 844 οὐδὲ
409 779 532 857 γὰρ
575 778 1018 856 Ἰαπετιονίδης
1050 778 1329 858 ἀκάκητα
1357 781 1731 860 Προμηθεὺς

211 863 354 926 τοῖό
397 865 463 937 γ’
491 861 837 940 ὑπεξήλυξε
882 864 1082 942 βαρὺν
1112 863 1347 943 χόλον,
1394 863 1542 928 ἀλλ’
1571 865 1687 928 ὑπ>
1717 864 1996 943 ἀνάγκης·
2032 873 2132 926 615

210 948 313 1012 καὶ
357 946 688 1024 πολύιδριν
735 947 928 1011 ἐόντα
969 948 1161 1026 μέγας
1204 948 1365 1012 κατὰ
1406 949 1629 1027 δεςμός
1658 948 1884 1026 ἐρύκει.

298 1113 635 1196 ’ἲΒριάρεῳ
681 1115 746 1178 δ’
792 1115 881 1177 ὡς
923 1120 1150 1194 πρῶτα
1191 1117 1401 1194 πατὴρ
1444 1115 1766 1180 ὠδύςςατο
1810 1121 2019 1199 θυμῷ,

215 1197 434 1263 Κόττω
479 1199 540 1260 τ’
585 1199 699 1275 ἠδὲ
746 1198 939 1281 Γύγῃ,
986 1203 1133 1275 δῆςε
1176 1205 1461 1283 κρατερῷ
1504 1200 1597 1264 ἐνὶ
1640 1205 1881 1304 δεςμῷ,

209 1262 490 1361 ἠνορέην
537 1260 913 1360 ὑπέροπλον
959 1281 1291 1360 ἀγώμενος
1332 1284 1446 1360 ἠδὲ
1490 1284 1589 1346 καὶ
1633 1282 1805 1347 εἶδος

208 1367 312 1430 καὶ
355 1365 648 1442 μέγεθος,
691 1366 1026 1430 κατέναςςε
1071 1368 1138 1430 δ’
1166 1366 1297 1430 ὑπὸ
1327 1368 1565 1444 χθονὸς
1595 1367 1987 1446 εὐρυοδείης·
2030 1373 2133 1428 620

210 1449 355 1514 ἔνθ’
400 1447 465 1512 οἵ
504 1450 572 1524 γ’
615 1447 800 1523 ἀλγε
831 1450 1091 1528 ἔχοντες
1135 1449 1264 1514 ὑπὸ
1310 1452 1491 1528 χθονὶ
1533 1452 1938 1518 ναιετάοντες

212 1533 380 1597 εἵατ’
427 1531 536 1595 ἐπ’
582 1532 832 1614 ἑςχατιῇ
875 1535 1149 1611 μεγάλης
1193 1534 1264 1597 ἐν
1309 1535 1553 1612 πείραςι
1594 1536 1774 1612 γαίης

209 1617 378 1695 δηθὰ
423 1615 598 1692 μάλ,
646 1594 1016 1692 ἀχνύμενοι,
1060 1617 1283 1700 κραδίῃ
1324 1617 1483 1693 μέγα
1524 1618 1759 1682 πένθος
1803 1617 2083 1696 ἔχοντες.

341 1699 508 1763 ἀλλά
553 1699 749 1778 ςφεας
796 1699 1096 1778 Κρονίδης
1138 1721 1206 1764 τε
1249 1701 1350 1763 καὶ
1392 1700 1698 1765 ἀθάνατοι
1740 1702 1873 1765 θεοι
1914 1700 2129 1778 ἄλλοι,

209 1785 324 1848 οὓς
369 1782 549 1847 τέκεν
591 1782 870 1861 ἠύκομος
913 1783 1074 1888 Ῥείη
1124 1784 1373 1862 Κρόνου
1416 1785 1487 1850 έν
1534 1785 1851 1864 φιλότητι,
2030 1794 2132 1845 625

211 1868 396 1945 Γαίης
439 1868 952 1971 φραδμοςύνῃςιν
997 1867 1323 1946 ἀνήγαγον
1369 1868 1434 1932 ἐς
1479 1869 1653 1948 φάος
1696 1867 1900 1934 αὖτις·

209 1953 372 2031 αὐτὴ
413 1950 536 2029 γάρ
581 1972 728 2032 ςφιν
771 1949 1024 2017 ἅπαντα
1065 1952 1403 2032 διηνεκέως
1446 1953 1775 2031 κατέλεξε,

213 2038 328 2101 ςὺν
374 2035 626 2099 κείνοιςι
655 2034 690 2085 ί
720 2035 897 2113 νίκην
941 2056 1010 2100 τε
1052 2038 1153 2099 καὶ
1196 2036 1441 2111 ἀγλαὸν
1472 2036 1663 2113 εὖχος
1697 2036 1966 2115 ἀρέςθαι.

339 2120 538 2198 δηρὸν
581 2120 705 2199 γὰρ
749 2119 1073 2197 μάρναντο
1103 2120 1315 2185 πόνον
1348 2120 1652 2197 θυμαλγέ’
1696 2120 1957 2197 ἔχοντες

211 2204 474 2282 Τιτῆνές
515 2224 586 2267 τε
629 2204 765 2268 θεοὶ
807 2204 908 2266 καὶ
953 2202 1092 2266 ὅςοι
1138 2202 1389 2281 Κρόνου
1431 2202 1808 2278 ἐξεγένοντο
2034 2211 2136 2263 630

213 2288 436 2354 ἀντίον
482 2287 805 2364 ἀλλήλοιςι
848 2287 952 2350 διὰ
995 2287 1300 2365 κρατερὰς
1344 2286 1636 2365 ὑςμίνας·

89 2380 97 2426 ἒ
215 2374 282 2436 οἳ
327 2373 440 2451 μὲν
487 2372 610 2452 ἀφ’
653 2370 903 2449 ὑψηλῆς
945 2370 1222 2449 Ὄθρυος
1266 2372 1524 2449 Τιτῆνες
1570 2370 1829 2447 ἀγαυοί,

95 2501 100 2512 .
217 2456 283 2519 ο“ι
328 2457 395 2520 δ’
439 2453 550 2534 ἄρ’
594 2454 712 2517 ἀπ’
756 2453 1128 2532 Οὐλύμποιο
1171 2455 1307 2519 θεοι
1349 2458 1631 2532 δωτῆρες
1677 2455 1879 2529 ἐάων,

216 2539 333 2605 οὓς
377 2539 556 2603 τέκεν
601 2538 878 2617 ἠύκομος
921 2538 1082 2617 Ῥείη
1119 2538 1343 2621 Κρόνῳ
1388 2538 1731 2614 εὐνηθεῑςα.

341 2622 406 2685 οἵ
449 2622 530 2701 ῥα
570 2621 709 2687 τότ’
756 2621 1077 2699 ἀλλήλοιςι
1119 2622 1325 2699 μάχην
1370 2620 1675 2698 θυμαλγέ’
1721 2620 1980 2698 ἔχοντες
2032 2628 2134 2681 635

215 2707 532 2785 ςυνεχέως
575 2706 890 2784 ἐμάχοντο
935 2705 1088 2768 δέκα
1128 2704 1389 2767 πλείους
1434 2703 1792 2769 ἐνιαυτούς·

214 2792 370 2856 οὐδέ
413 2810 506 2853 τις
547 2788 627 2867 ἦν
672 2789 882 2866 ἔριδος
926 2790 1206 2867 χαλεπῆς
1250 2788 1421 2852 λύςις
1467 2788 1619 2853 οὐδὲ
1661 2788 1921 2866 τελευτὴ

123 2948 130 2974 ¹.
220 2874 610 2952 οὐδετέροις,
655 2871 797 2937 ἴςον
841 2874 914 2937 δὲ
956 2873 1140 2936 τέλος
1181 2873 1404 2938 τέτατο
1448 2873 1811 2951 πτολέμοιο.

338 2957 489 3021 ἀλλ’
533 2955 640 3020 ὅτε
685 2958 761 3032 δὴ
805 2956 1058 3020 κείνοιςι
1101 2957 1488 3036 παρέςχεθεν
1534 2955 1779 3035 ἄρμενα
1820 2956 2048 3031 πάντα,

212 3043 442 3119 νέκταρ
472 3041 534 3104 τ’
566 3040 906 3119 ἀμβροςίην
935 3060 1039 3114 τε,
1083 3040 1164 3102 τά
1191 3059 1315 3116 περ
1345 3040 1479 3102 θεοὶ
1522 3039 1704 3102 αὐτοὶ
1748 3038 1988 3113 ἔδουςι,
2033 3046 2137 3098 640

213 3126 481 3191 πάντων
527 3124 598 3188 ἑν
643 3124 957 3201 ςτήθεςςιν
1001 3120 1220 3187 ἀέξετο
1266 3121 1461 3199 θυμὸς
1506 3120 1783 3197 ἀγήνωρ.

217 3210 307 3275 ὡς
350 3209 584 3285 νέκταρ
627 3208 694 3272 δ’
739 3205 1058 3271 ἐπὰςαντο
1103 3205 1202 3268 καὶ
1246 3203 1589 3284 ἀμβροςίην
1633 3202 1993 3283 ἐρατεινήν,

211 3296 288 3373 δὴ
338 3292 490 3358 τότε
532 3294 668 3355 τοις
709 3290 994 3369 μετέειπε
1035 3289 1244 3367 πατὴρ
1290 3288 1547 3366 ἀνδρῶν
1590 3307 1661 3352 τε
1704 3291 1873 3354 θεῶν
1916 3308 2015 3353 τε·

342 3374 632 3440 «κέκλυτέ
671 3394 818 3453 μευ,
866 3373 1046 3451 Γαίης
1088 3392 1156 3437 τε
1200 3373 1301 3438 καὶ
1332 3371 1629 3450 Οὐρανοῦ
1674 3372 1883 3448 ἀγλαὰ
1923 3373 2135 3448 τέκνα,

211 3460 374 3546 ὄφρ’
419 3458 616 3539 εἴπω,
660 3458 740 3523 τά
781 3476 857 3535 με
899 3458 1094 3537 θυμὸς
1139 3456 1233 3523 ἐνὶ
1278 3456 1551 3535 ςτήθεςςι
1592 3458 1850 3521 κελεύει.
2034 3462 2133 3513 645

1662 3555 1735 3607 2*
