2507 3935
812 229 1002 281 EPrA
1035 229 1166 282 KAI
1198 217 1502 285 HMEPAI.
2036 231 2116 295 37

200 401 246 474 ᾖ
275 394 576 474 ςχὲτλιοι,
621 393 654 444 ῒ
677 393 825 459 οὔτε
868 398 1036 461 θεῶν
1081 394 1233 461 ὄπιν
1280 396 1545 463 εἰδότες·
1591 396 1745 464 οὐδὲ
1787 399 1901 476 μὲν
1945 397 2011 464 οἵ
2050 415 2127 475 γε

204 487 249 557 ο)
281 479 649 558 γηράντεςςι
693 482 976 544 τοκεῦςιν
1018 479 1148 545 ἀπὸ
1193 481 1541 559 θρεπτήρια
1584 485 1795 560 δοῖεν,

199 563 571 644 χειροδίκαι·
618 563 835 642 ἕτερος
878 565 947 626 δ’
991 564 1216 644 ἑτέρου
1261 565 1452 631 πόλιν
1496 565 1888 633 ἐξαλαπάξει.

201 647 353 712 οὐδέ
395 667 487 710 τις
533 645 804 726 εὐόρκου
849 647 1028 727 χάρις
1073 649 1312 713 ἔςςεται
1355 649 1509 715 οὐδὲ
1554 649 1830 728 δικαίου,
2028 657 2129 710 190

201 731 347 796 οὔτ’
393 730 667 806 ἀγαθοῦ·
711 733 954 810 μᾶλλον
997 733 1070 796 δὲ
1107 736 1321 798 κακῶν
1366 732 1652 838 ῥεκτῆρα
1678 735 1778 798 καὶ
1822 733 2003 814 ὕβριν

202 815 402 894 ἀνέρα
441 816 782 895 τιμήςουςι·
827 814 963 893 δίκη
1007 817 1074 881 δ’
1117 815 1190 880 ἐν
1233 819 1409 896 χερςὶ
1450 820 1550 881 καὶ
1595 816 1787 881 αἰδὼς

202 898 318 964 οὐκ
362 897 558 962 ἔςται·
595 900 840 978 βλάψει
883 899 950 963 δ’
995 898 1032 963 6
1076 901 1269 965 κακὸς
1312 901 1428 966 τὸν
1448 900 1738 984 ἀρείονα
1781 905 1973 980 φῶτα

123 1007 130 1014 ·
201 982 442 1062 μύθοιςι
486 985 836 1048 ςκολιοῖς
879 982 1164 1059 ἐνέπων,
1211 983 1316 1048 ἐπὶ
1358 987 1437 1048 δ’
1448 977 1715 1064 ὅρκον
1761 984 2032 1065 ὀμεῖται·

200 1069 393 1146 ζῆλος
436 1066 502 1130 δ’
547 1067 975 1146 ἀνθρώποιςιν
1021 1066 1362 1147 ὀιζυροῖςιν
1406 1067 1599 1132 ἅπαςι
2031 1075 2143 1144 195,

207 1149 596 1216 δυςκέλαδος
638 1151 1032 1230 κακόχαρτος
1075 1150 1411 1230 ὁμαρτήςει
1453 1153 1876 1232 ςτυγερώπης.

284 1319 387 1382 καὶ
429 1317 574 1383 τότε
618 1320 696 1397 δὴ
741 1318 907 1396 πρὸς
948 1319 1286 1397 Ὄλυμπον
1316 1319 1451 1384 ἀπὸ
1478 1318 1714 1398 χθονὸς
1745 1317 2133 1398 εὐρυοδείης,

202 1405 515 1468 λευκοῖςιν
559 1402 854 1481 φαρὲεςςι
897 1403 1327 1482 καλυψαμένω
1372 1403 1537 1483 χρόα
1578 1402 1800 1480 καλόν,

209 1485 554 1551 ἀθανάτων
597 1486 752 1565 μετὰ
793 1489 1007 1565 φῦλον
1049 1485 1223 1566 ἴτην,
1269 1486 1658 1566 προλιπόντ’
1688 1485 2104 1566 ἀνθρώπους,

203 1568 406 1633 Αἰδὼς
449 1569 551 1632 καὶ
597 1568 870 1646 Νέμεςις.
914 1570 994 1634 τὰ
1036 1571 1108 1634 δὲ
1149 1570 1436 1649 λείψεται
1477 1569 1677 1646 ἄλγεα
1718 1571 1922 1648 λυγρὰ
2032 1578 2135 1630 200

204 1655 465 1732 θνητοῖς
509 1649 926 1730 ἀνθρώποιςι·
970 1656 1168 1716 κακοῦ
1212 1654 1281 1718 δ’
1324 1653 1442 1718 οὐκ
1482 1651 1720 1719 ἔςςεται
1761 1653 1938 1730 ἀλκή.

287 1820 422 1882 νῦν
451 1813 516 1882 δ’
538 1811 734 1882 αἶνον
753 1819 1150 1900 βασιλεῦσιν
1173 1817 1338 1900 ἐρέω
1356 1819 1722 1901 φρονέουσι
1740 1815 1853 1883 καὶ
1875 1815 2132 1894 αὐτοῖς·

205 1903 333 1969 ὧδ’
373 1902 517 1983 ἴρηξ
557 1903 935 1983 προςέειπεν
981 1903 1228 1983 ἀηδόνα
1271 1905 1740 1985 ποικιλόδειρον

206 1988 328 2068 ὕψι
369 1988 526 2067 μάλ’
569 1988 639 2053 ἐν
683 1988 972 2067 νεφέεςςι
1016 1989 1273 2068 φέρων,
1320 1988 1612 2068 ὀνύχεςςι
1652 1990 2021 2068 μεμαρπώς·

204 2073 244 2150 ἢ
289 2073 356 2135 δ’
401 2071 588 2137 ἑλεὸν
631 2075 1007 2149 γναμπτοῖςι
1050 2074 1420 2152 πεπαρμένη
1466 2072 1635 2152 ἀμφ’
1679 2072 1966 2150 ὀνύχεςςι
2034 2080 2134 2133 205

209 2156 470 2235 μύρετο·
510 2156 628 2233 τὴν
672 2155 739 2220 δ’
784 2154 822 2218 6
864 2156 936 2231 γ’
981 2155 1369 2235 ἐπικρατέως
1412 2156 1578 2233 πρὸς
1620 2158 1821 2232 μῦθον
1864 2154 2065 2219 ἔειπε·

295 2237 661 2319 «δαιμονίη,
705 2237 766 2302 τί
810 2240 1108 2317 λέληκας,
1167 2238 1298 2318 ἔχει
1338 2238 1419 2303 νύ
1464 2259 1529 2304 ςε
1572 2238 1824 2304 πολλὸν
1870 2236 2135 2316 ἀρείων·

209 2328 284 2405 τῇ
329 2323 396 2387 δ’
438 2320 563 2401 εἰς,
610 2323 658 2407 ᾗ
706 2323 766 2386 ς
810 2322 890 2387 ἂν
935 2322 1063 2400 ἐγώ
1107 2343 1230 2402 περ
1275 2322 1413 2427 ᾄγω
1456 2324 1557 2388 καὶ
1602 2320 1827 2401 ἀοιδὸν
1873 2322 2135 2387 ἐοῦςαν·

213 2410 478 2472 δεῖπνον
523 2406 613 2487 δ,
657 2405 725 2470 αἴ
765 2407 831 2470 κ’
875 2406 1110 2486 ἐθέλω,
1154 2408 1494 2509 ποιήςομαι
1532 2408 1611 2486 ἠὲ
1653 2407 1916 2511 μεθήςω.
2034 2414 2135 2467 209

210 2526 294 2622 I
307 2455 1239 2681 ξῗιξῗξῗσῖἰέᾏῖῗξλὲὦῖοέ
1242 2486 2131 2677 “355225332220‘53035352355ss

296 2656 387 2722 ὧς
432 2658 625 2736 ἔφατ’
671 2656 996 2735 ὠκυπέτης
1037 2656 1210 2737 ιρηξ,
1253 2656 1707 2765 ravucinrfpoc
1750 2654 1945 2735 ὄρνις.

295 2742 349 2807 ὦ
392 2742 636 2821 Πέρςη,
683 2741 755 2805 ςὺ
799 2743 866 2805 δ’
896 2740 1090 2805 ἄκουε
1135 2740 1395 2820 δίκης,-
1422 2741 1571 2820 μηδ’
1604 2740 1827 2820 ὕβριν
1876 2738 2135 2820 ὄφελλε.

215 2823 389 2905 ὕβρις
429 2825 554 2903 γάρ
595 2845 664 2889 τε
709 2826 864 2905 κακὴ
911 2827 1100 2909 δειλῷ
1146 2829 1388 2909 βροτῷ,
1436 2824 1588 2891 οὐδὲ
1631 2826 1745 2905 μὲν
1789 2824 2009 2889 ἐςθλὸς

217 2908 470 2987 ῥηιδίως
500 2909 776 2989 φερέμεν
807 2910 1100 2984 δύναται,
1147 2910 1403 2991 βαρύθει
1431 2910 1501 2973 δέ
1530 2909 1598 2973 θ’
1627 2908 1745 2974 ὑπ’
1777 2908 1969 2988 αὐτῆς
2033 2916 2135 2969 215

217 2991 517 3071 ἐγκύρςας
560 2991 803 3075 ἄτῃςιν·
847 2994 1003 3058 ὁδὸς
1047 2994 1112 3057 δ’
1157 2993 1417 3073 ἑτέρηφι
1458 2994 1799 3072 παρελθεῖν

215 3076 513 3155 κρείςςων
557 3076 623 3140 ἐς
665 3077 744 3141 τὰ
785 3077 1016 3141 δίκαια·
1059 3076 1194 3155 δίκη
1238 3077 1307 3139 δ’
1350 3076 1513 3154 ὑπὲρ
1555 3076 1771 3154 ὕβριος
1810 3074 1971 3153 ἰ’ςχει

215 3158 281 3224 ἐς
322 3160 510 3225 τέλος
553 3160 918 3227 ἐξελθοῦςα·
963 3161 1191 3225 παθὼν
1235 3158 1309 3225 δέ
1351 3178 1421 3225 τε
1462 3158 1692 3237 νήπιος
1736 3157 1923 3233 ἔγνω.

213 3326 437 3392 αὐτίκα
476 3328 600 3407 γὰρ
641 3328 848 3408 τρέχει
889 3328 1172 3407 Ὅρκος
1214 3326 1342 3408 ἅμα
1380 3327 1737 3410 ςκολιῇςι
1780 3323 2049 3408 δίκῃςι.

211 3496 323 3573 τῆς
350 3496 425 3571 δὲ
455 3494 697 3575 Δίκης
743 3474 937 3575 ῥόθος
967 3494 1343 3574 ἑλκομένης,
1372 3495 1412 3577 ᾖ
1442 3494 1507 3559 κ’
1537 3493 1769 3577 ἄνδρες
1797 3492 1995 3567 ἄγωςι
2036 3498 2139 3549 220
2176 3498 2186 3504 ·
