2507 3935
293 165 378 231 46
409 165 414 170 ·
1081 164 1419 216 ΗΣιοΔοΤ

291 333 332 410 ἥ
376 333 441 397 τ’
485 331 751 412 ἀρότοιό
793 349 863 396 τε
907 331 1068 410 ςῆμα
1112 331 1297 410 φέρει
1340 331 1442 395 καὶ
1482 331 1779 410 χείματος
1824 329 2003 410 ὥρην
2117 341 2223 394 450

292 416 564 483 δεικνύει
607 416 961 496 ὀμβρηροῦ,
1003 416 1265 498 κραδίην
1311 416 1385 479 δ’
1411 415 1592 480 ἑδακ·
1622 414 1863 493 ἀνδρὸς
1892 414 2219 494 ἀβούτεω·

292 503 370 580 δὴ
413 501 560 566 τότε
605 501 938 579 χορτάζειν
981 499 1189 564 ἕλικας
1233 503 1271 579 β
1286 517 1324 563 ο
1340 502 1377 562 ὓ
1392 519 1425 564 ς
1468 499 1663 565 ἔνδον
1706 499 1952 565 ἐόντας.

419 651 662 730 ῥηίδιον
705 648 829 729 γὰρ
874 647 1033 715 ἔπος
1076 649 1306 716 εἰπεῖν·
1351 651 1538 732 «βόε
1581 650 1698 715 δὸς
1724 650 1827 714 καὶ
1855 648 2220 728 ἄμαξαν»

293 734 537 815 ῥηίδιον
581 733 650 799 δ’
693 733 1154 812 ἀπανήςαςθαι·
1203 735 1421 814 «πάρα
1462 736 1529 798 δ’
1573 734 1731 814 ἔργα
1774 733 2077 814 βόεςςιν.»

418 885 567 965 φηςὶ
591 882 648 950 δ’
661 881 822 964 ἀνὴρ
853 884 1099 966 φρένας
1130 884 1171 950 ἀ
1228 885 1400 950 νειὸς
1430 885 1736 963 πήξαςθαι
1764 883 2089 962 ἄμαξαν,
2118 895 2219 947 455

291 969 550 1047 νήπιος·
597 969 748 1034 οὐδὲ
777 969 850 1033 τό
879 970 947 1044 γ’
977 968 1128 1032 οἶδ’·
1211 970 1405 1034 κατόν
1436 970 1509 1033 δέ
1552 989 1621 1034 τε
1662 968 1931 1047 δούρατ’
1962 969 2217 1051 ἀμάξης,

290 1056 425 1119 τῶν
469 1052 744 1132 πρόςθεν
787 1053 1052 1132 μελέτην
1099 1051 1322 1132 ἐχέμεν
1366 1051 1572 1131 οἰκήια
1612 1052 1837 1116 θέςθαι.

418 1201 555 1268 εὖτ’
599 1205 679 1270 ἂν
724 1202 800 1283 δὴ
845 1203 1152 1282 πρώτιστ’
1195 1199 1432 1282 ἄροτος
1476 1205 1756 1282 θνητοῖςι
1800 1201 2067 1284 φανείη,

291 1287 367 1363 δὴ
412 1287 552 1352 τότ’
597 1287 1033 1367 ἐφορμηθῆναι
1077 1286 1250 1365 ὁμῶς
1295 1287 1501 1365 δμῶές
1542 1305 1611 1352 τε
1654 1287 1756 1350 καὶ
1799 1285 1993 1352 αὐτὸς

292 1369 454 1448 αὔην
496 1372 598 1435 καὶ
640 1372 855 1450 διερὴν
900 1369 1121 1449 ἀρόων
1165 1370 1429 1449 ἀρότοιο
1472 1371 1619 1434 καθ’
1667 1369 1875 1450 ὥρην,
2110 1379 2214 1432 460

291 1454 460 1533 πρωὶ
502 1454 670 1532 μάλα
715 1455 1043 1532 ςπεύδων,
1085 1453 1196 1520 ἵνα
1236 1469 1339 1518 τοι
1381 1456 1704 1533 πλήθωςιν
1750 1451 2034 1534 ἄρουραι.

291 1603 430 1683 ἔαρι
472 1605 726 1671 πολεῖν·
767 1605 991 1685 θέρεος
1034 1605 1107 1670 δὲ
1147 1605 1473 1686 νεωμένη
1514 1605 1597 1670 οὔ
1638 1605 1701 1670 ς’
1744 1604 2059 1684 ἀπατήςει.

289 1755 516 1821 νειὸν
559 1755 631 1820 δὲ
677 1755 949 1834 ςπείρειν
995 1754 1088 1822 ἔτι
1127 1754 1561 1835 κουφίζουςαν
1608 1755 1908 1835 ἄρουραν.

289 1905 509 1973 νειὸς
551 1869 878 1987 ἀλεξιάρη,
923 1904 1173 1974 παίδων
1208 1905 1631 1988 εὐκηλήτειρα,

417 2056 705 2137 εὔχεςθαι
747 2058 820 2122 δὲ
861 2058 972 2123 Διὶ
1012 2057 1255 2142 χθονίῳ
1300 2057 1622 2138 Δημήτερί
1663 2058 1731 2123 θ’
1774 2058 1970 2143 ἁγνῇ,
2110 2066 2213 2121 465

291 2140 550 2205 ἐκτελέα
593 2141 825 2222 βρίθειν
871 2142 1246 2222 Δημήτερος
1289 2142 1466 2223 ἱερὸν
1510 2141 1739 2221 ἀκτήν,

290 2224 645 2303 ἀρχόμενος
687 2226 768 2290 τὰ
809 2226 1022 2305 πρῶτ’
1065 2226 1340 2306 ἀρότου,
1385 2225 1491 2290 ὅτ’
1534 2226 1615 2291 ἂν
1658 2226 1857 2305 ἄκρον
1902 2225 2157 2306 ἐχέτλης

289 2308 449 2386 χειρὶ
492 2310 709 2387 λαβὼν
755 2308 1006 2388 ὅρπηκα
1050 2314 1226 2389 βοῶν
1272 2310 1377 2375 ἐπὶ
1418 2315 1634 2375 νῶτον
1674 2310 1845 2388 ἵκηαι

290 2390 566 2469 ἔνδρυον
613 2389 936 2458 ἑλκόντων
981 2392 1303 2472 μεςάβων·
1347 2394 1386 2458 δ
1430 2394 1504 2457 δὲ
1546 2393 1772 2458 τυτθὸς
1816 2394 2037 2459 ὄπιςθε

288 2479 504 2554 δμῶος
547 2475 720 2556 ἔχων
763 2477 1038 2555 μακέλην
1082 2477 1296 2543 πόνον
1340 2475 1644 2557 ὀρνίθεςςι
1685 2478 1877 2557 τιθείη
2112 2484 2213 2538 470

291 2559 533 2639 ςπέρμα
575 2560 1058 2640 κατακρύπτων·
1102 2558 1496 2640 εὐθημοςύνη
1538 2562 1663 2641 γὰρ
1692 2560 1907 2641 ἀρίςτη

287 2645 541 2721 θνητοῖς
585 2643 983 2724 ἀνθρώποις,
1027 2646 1505 2725 κακοθημοςύνη
1548 2647 1622 2711 δὲ
1661 2645 1929 2724 κακίςτη.

289 2726 419 2791 ὧδέ
461 2748 570 2794 κεν
614 2728 934 2814 ἅδροςύνῃ
978 2729 1240 2809 ςτάχυες
1282 2728 1534 2796 νεύοιεν
1580 2726 1797 2809 ἔραζε,

289 2810 342 2875 εἰ
383 2811 570 2875 τέλος
614 2811 807 2878 αὐτὸς
852 2812 1111 2880 ὄπιςθεν
1152 2812 1496 2893 Ὀλύμπιος
1540 2813 1766 2879 ἐςθλὸν
1810 2812 2075 2890 ὀπάζοι,

266 2894 361 2965 ,ἐκ
401 2895 468 2960 δ’
511 2894 767 2970 ἀγγέων
809 2896 1093 2961 ἐλάςειας
1135 2895 1435 2975 ἀράχνια·
1478 2896 1581 2960 καί
1624 2916 1690 2961 ςε
1734 2896 1943 2961 ἔολπα
2111 2902 2211 2957 475

285 2980 578 3059 γηθήςειν
624 2977 842 3059 βιότου
885 2978 1265 3060 αἰρεύμενον
1308 2978 1501 3046 ἔνδον
1549 2978 1805 3046 ἐόντος·

287 3064 614 3143 εὐοχθέων
659 3066 725 3130 δ’
761 3062 924 3133 ἵξεαι
965 3063 1198 3131 πολιὸν
1242 3064 1393 3144 ἔαρ,
1439 3064 1593 3130 οὐδὲ
1634 3066 1799 3144 πρὸς
1843 3062 2087 3129 ἄλλους

289 3146 616 3223 αὐγάςεαι·
662 3148 770 3213 ςέο
815 3150 880 3215 δ’
924 3147 1122 3213 ἄλλος
1167 3148 1334 3228 ἀνὴρ
1378 3150 1763 3229 κεχρημένος
1808 3147 1993 3213 ἔςται.

415 3229 470 3295 εἰ
507 3232 582 3295 δέ
623 3252 735 3298 κεν
779 3232 1021 3311 ἠελίοιο
1062 3238 1309 3315 τροπῇς
1352 3228 1570 3315 ἀρόῳς
1614 3229 1817 3311 χθόνα
1859 3232 2029 3310 δῖαν,

287 3312 524 3389 ἥμενος
568 3316 818 3393 ἀμήςεις
863 3315 1086 3395 ὀλίγον
1129 3316 1275 3397 περὶ
1318 3316 1531 3397 χειρὸς
1577 3315 1858 3396 ἐέργων,
2112 3320 2216 3377 ⁴8⁰

423 3461 479 3500 ν.
507 3450 630 3501 46⁹.
668 3447 889 3515 μεςάβψ
