2507 3935
1029 227 1421 288 ΘΕΟΓΟΝΙΑ.
1520 188 1527 193 ’
2154 232 2197 298 5

271 433 350 444 —
367 395 436 472 ἐξ
461 393 687 479 ἀρχῆς,
719 393 829 458 καὶ
854 392 1082 458 εἴπαθ’
1111 391 1151 457 ὅ
1170 416 1234 458 τι
1257 398 1529 478 πρῶτον
1557 395 1775 477 γένετ’
1799 394 2044 462 αὐτῶν.
2096 409 2195 461 115

395 564 578 628 Ἤτοι
619 565 733 640 μὲν
778 562 1098 640 πρώτιςτα
1143 563 1313 628 Χάος
1354 564 1593 641 γένετ’,
1638 565 1839 644 αὐτὰρ
1882 565 2100 630 ἔπειτα

273 649 312 711 Γ
315 648 410 710 αἳ’
455 647 900 725 εὐρύςτερνος,
947 647 1211 712 πάντων
1253 648 1403 712 ἕδος
1448 647 1729 728 ἀςφαλὲς
1774 649 1890 714 αἰεὶ

269 767 356 779 --
397 727 793 811 ἀθανάτων,
841 731 910 793 οἳ
951 731 1178 811 ἔχουσι
1221 728 1395 812 κάρη
1438 730 1795 812 νιφόεντος
1831 729 2191 816 Ὀλύμπου,

268 851 352 860 -
405 812 716 897 Τάρταρά
758 810 821 876 τ’
849 811 1173 896 ἠερόεντα
1215 817 1405 899 μυχῷ
1448 810 1695 895 χθονὸς
1738 812 2161 898 εὐρυοδείης,

272 897 383 974 ἠδ’
425 897 652 975 Ἔρος,
687 899 763 962 ὃς
806 897 1131 962 κάλλιςτος
1175 898 1247 964 ἐν
1292 898 1661 964 ἀθανάτοιςι
1701 903 1894 964 θεοῖςι
2093 910 2193 960 120

273 983 600 1061 λυςιμελὴς
644 983 910 1046 πάντων
954 1002 1025 1046 τε
1068 985 1237 1048 θεῶν
1282 982 1547 1048 πάντων
1590 984 1657 1047 τ’
1684 983 2050 1064 ἀνθρώπων

271 1065 577 1144 δάμναται
620 1066 694 1132 ἐν
738 1067 1012 1144 ςτήθεςςι
1054 1067 1214 1132 νόον
1260 1067 1361 1130 καὶ
1403 1065 1727 1147 ἐπίφρονα
1771 1069 2025 1146 βουλήν.

397 1149 466 1212 ἐκ
511 1149 714 1214 Χάεος
759 1150 824 1212 δ’
867 1150 1127 1228 Ἔρεβός
1170 1171 1238 1214 τε
1282 1151 1547 1227 μέλαινά
1589 1171 1659 1214 τε
1692 1151 1818 1216 Νὺξ
1848 1151 2184 1226 ἐγένοντο·

275 1233 515 1296 Νυκτὸς
561 1235 630 1296 δ’
673 1231 820 1297 αὖτ’
861 1231 1049 1309 Αἰθήρ
1095 1253 1164 1296 τε
1207 1233 1308 1297 καὶ
1350 1233 1579 1310 Ἡμέρη
1624 1234 2035 1311 ἐξεγένοντο,

277 1315 390 1379 οὓς
431 1317 570 1381 τέκε
614 1317 925 1394 κυςαμένη
970 1317 1198 1396 Ἐρέβει
1242 1316 1534 1396 φιλότητι
1576 1319 1829 1393 μιγεῖςα.
2088 1327 2189 1380 125

393 1403 543 1476 γαῖα
585 1401 655 1465 δέ
685 1401 720 1451 ‘¹’
749 1421 850 1465 τοι
891 1405 1157 1478 πρῶτον
1202 1401 1317 1478 μὲν
1360 1400 1653 1477 ἐγείνατο
1696 1399 1837 1466 ἶςον
1868 1399 1903 1450 ί·
1935 1400 2127 1484 ἑαυτῇ

270 1483 567 1561 Οὐρανὸν
611 1484 1008 1563 ἇςτερόενθ’,
1049 1482 1160 1549 ἵνα
1201 1504 1303 1562 μιν
1348 1485 1493 1562 περὶ
1534 1483 1745 1549 πάντα
1787 1484 2127 1561 καλύπτοι,

268 1563 434 1648 ὄφρ’
483 1571 584 1649 εἴη
628 1568 1000 1650 μακάρεσσι
1039 1573 1228 1642 θεοῖς
1270 1565 1419 1642 ἕδος
1460 1563 1758 1648 ἀσφαλὲς
1800 1567 1961 1629 αἰεί·

266 1651 526 1726 γείνατο
569 1652 635 1714 δ’
667 1651 878 1730 Οὔρεα
921 1652 1157 1729 μακρά,
1200 1655 1372 1716 θεῶν
1415 1651 1751 1729 χαρίεντας
1794 1651 2106 1716 ἐναύλους

263 1733 644 1816 Νυμφέων,
691 1737 769 1798 αἳ
804 1737 1118 1796 ναίουσιν
1161 1729 1271 1796 ἄν’
1317 1730 1525 1816 οὔρεα
1568 1732 1968 1814 βησσήεντα.
2088 1743 2189 1794 130

395 1819 434 1896 ἣ
480 1819 551 1882 δὲ
594 1820 694 1882 καὶ
737 1819 1087 1896 ἀτρύγετον
1131 1819 1414 1894 πέλαγος
1455 1819 1633 1883 τέκεν
1680 1816 1926 1895 οἴδματι
1967 1821 2148 1896 θῦον,

266 1901 552 1978 Πόντον,
599 1901 747 1983 ἄτερ
792 1903 1138 1984 φιλότητος
1181 1903 1515 1983 ἐφιμέρου·
1560 1903 1760 1981 αὐτὰρ
1804 1901 2021 1966 ἔπειτα

269 1986 546 2071 Οὐρανῷ
593 1988 922 2067 εὐνηθεῑςα
965 1987 1101 2050 τέκ’
1142 1986 1450 2051 Ὠκεανὸν
1498 1988 1859 2065 βαθυδίνην,

399 2072 587 2135 Κοῖόν
631 2092 699 2137 τε
746 2071 969 2150 Κρεῑόν
1014 2072 1105 2145 θ’,
1148 2070 1494 2148 Ὑπερίονά
1536 2072 1600 2134 τ’
1642 2070 1922 2134 Ἰαπετόν
1966 2090 2067 2143 τε,

271 2155 464 2221 Θείαν
505 2176 574 2219 τε
617 2154 823 2220 Ῥείαν
864 2175 964 2229 τε,
1011 2154 1202 2230 Θέμιν
1245 2172 1315 2215 τε
1362 2153 1789 2230 Μνημοςύνην
1834 2172 1933 2228 τε,
2091 2160 2187 2211 135

271 2238 510 2317 Φοίβην
554 2260 622 2303 τε
651 2238 1172 2317 χρυςοςτέφανον
1215 2235 1427 2313 Τηθύν
1470 2236 1534 2299 τ’
1578 2235 1919 2314 ἐρατεινήν.

396 2324 546 2387 τοὺς
571 2325 642 2387 δὲ
664 2323 807 2400 μέθ’
830 2322 1189 2387 ὁπλότατος
1211 2320 1436 2395 γένετο
1466 2318 1707 2397 Κρόνος
1732 2318 2187 2397 ἀγκυλομήτης,

271 2408 638 2471 δεινότατος
682 2407 958 2471 παίδων·
1003 2404 1277 2482 θαλερὸν
1324 2406 1389 2467 δ’
1431 2404 1667 2483 ἤχθηρε
1710 2406 1925 2479 τοκῆα.

395 2490 652 2565 γείνατο
696 2492 763 2555 δ’
793 2490 872 2554 αὖ
920 2490 1267 2554 Κύκλωπας
1309 2488 1617 2567 ὑπέρβιον
1659 2486 1815 2565 ἦτορ
1861 2486 2159 2564 ἔχοντας,

275 2572 559 2653 Βρόντην
587 2594 656 2639 τε
685 2575 1010 2655 Ετερόπην
1041 2594 1109 2638 τε
1138 2574 1239 2636 καὶ
1268 2573 1503 2650 Ἄργην
1535 2570 2027 2649 ὀμβριμόθυμον,
2092 2576 2191 2626 140

275 2659 347 2719 οἳ
383 2655 551 2739 Ζηνὶ
593 2657 888 2741 βροντήν
931 2654 994 2719 τ’
1042 2656 1288 2719 ἔδοσαν
1330 2652 1571 2728 τεῦξάν
1613 2674 1687 2714 τε
1728 2648 2097 2730 κεραυνόν·

275 2747 320 2817 C·
359 2741 424 2804 οἳ
465 2742 541 2820 δή
583 2761 686 2806 τοι
728 2744 807 2806 τὰ
848 2742 962 2819 μὲν
1007 2738 1170 2803 ἄλλα
1212 2741 1382 2803 θεοῖς
1426 2737 1764 2812 ἐναλίγκιοι
1807 2734 1985 2812 ἦςαν,

275 2830 320 2901 Ε
359 2829 602 2904 μοῦνος
644 2826 712 2889 δ’
754 2824 1091 2905 ὀφθαλμὸς
1133 2824 1337 2905 μέςςῳ
1381 2822 1659 2888 ἐνέκειτο
1704 2820 2009 2902 μετώπῳ·

301 2915 345 2986 ᾖ
365 2909 703 2973 Κύκλωπες
727 2914 762 2973 δ
777 2908 1167 2987 ’ὄνομ’ἦςαν
1193 2907 1561 2985 ἐπώνυμον,
1584 2904 1805 2969 οὕνεκ’
1822 2900 1947 2980 ἄρα
1967 2899 2188 2980 ςφέων

296 2995 746 3071 ᾒκυκλοτερὴς
788 2992 1123 3073 ὀφθαλμὸς
1167 2991 1290 3055 ἕεις
1334 2990 1609 3055 ἐνέκειτο
1640 2987 1943 3067 μετώπῳ·
2091 2992 2190 3041 145

275 3075 444 3153 ἰςχύς
486 3078 555 3140 τ’
597 3076 711 3153 ἠδὲ
753 3076 852 3155 βίη
896 3078 995 3140 καὶ
1038 3074 1311 3153 μηχαναὶ
1354 3072 1511 3148 ἣςαν
1554 3072 1667 3135 ἐπ’
1710 3070 1941 3148 ἔργοις.

401 3159 591 3224 ἄλλοι
633 3162 700 3223 δ’
743 3159 823 3223 αὖ
869 3160 1049 3238 Γαίης
1090 3177 1162 3221 τε
1204 3158 1306 3220 καὶ
1349 3155 1648 3232 Οὐρανοῦ
1692 3152 2065 3227 ἐξεγένοντο

407 3396 460 3431 v.
501 3382 614 3429 116.
647 3378 898 3430 Πάντων
937 3377 1035 3441 μὲν
1171 3393 1223 3427 v.
1265 3376 1565 3427 120—122.
1597 3370 1695 3435 ἠδ’
1729 3368 1917 3435 Ἔρος,
1954 3366 2016 3419 ὃς
2052 3364 2191 3417 πάν-

275 3460 419 3497 τεςςι
465 3444 806 3509 μεταπρέπει
849 3442 1198 3496 ἀθανάτοιςιν
1367 3458 1420 3493 v.
1459 3442 1570 3491 142.
1615 3436 1672 3490 οἳ
1706 3438 1766 3489 δ’
1801 3436 1855 3488 ἐξ
1890 3430 2193 3486 ἀθανάτων

276 3512 470 3577 θνητοὶ
505 3510 724 3575 τράφεν
760 3510 1066 3575 αὐδήεντες
