2507 3935
299 201 386 266 66
1104 205 1442 259 ΗΣΙοΔοΤ

300 374 452 449 τῆλε
495 371 564 436 δ’
609 370 730 436 ἀπ’
775 369 1133 451 αἰθομένων
1178 373 1420 439 δαΐδων
1468 373 1650 437 ςέλας
1694 371 2015 454 εἰλύφαζε
2124 382 2227 434 275

300 456 513 536 χερςὶν
557 456 654 523 ἔνι
698 460 969 543 δμωῶν·
1012 458 1113 520 ταὶ
1156 457 1225 520 δ’
1271 457 1501 541 ἀγλαΐῃ
1546 460 1867 523 τεθαλυῖαι

299 541 532 618 πρόςθ’
577 540 781 604 ἔκιον·
823 536 996 624 τῇςιν
1041 543 1113 606 δὲ
1155 542 1342 620 χοροὶ
1383 542 1718 608 παίζοντες
1761 543 2033 607 ἕποντο·

299 626 400 688 τοὶ
443 624 559 702 μὲν
603 625 733 688 ὑπὸ
781 603 1060 704 λιγυρῶν
1107 625 1423 704 ςυρίγγων
1465 624 1639 692 ἵεςαν
1684 625 1887 704 αὐδὴν

299 708 366 774 ἐξ
411 709 682 775 ἁπαλῶν
729 709 1078 789 ςτομάτων,
1123 710 1269 788 περὶ
1312 709 1385 774 δέ
1429 729 1635 790 ςφιςιν
1679 709 1919 785 ἄγνυτο
1961 709 2130 789 ἠχώ·

299 792 367 856 αἳ
410 794 477 857 δ’
522 793 649 858 ὑπὸ
696 793 1077 872 φορμίγγων
1122 793 1372 870 ἄναγον
1418 795 1622 872 χορόν
1664 793 2015 871 ἱμερόεντα.
2124 801 2227 855 280

298 875 484 941 ἔνθεν
529 877 594 940 δ’
640 875 790 940 αὖθ’
835 877 1107 956 ἑτέρωθε
1150 878 1289 941 νέοι
1331 878 1629 955 κώμαζον
1672 877 1763 942 ὑπ
1779 875 2063 951 ἀὐλοῦ,

295 961 399 1024 τοί
441 980 516 1036 γε
560 958 674 1039 μὲν
719 959 800 1024 αὖ
844 961 1181 1029 παίζοντες
1225 960 1344 1024 ὑπ’
1390 961 1690 1066 ὀρχηθμῷ
1733 961 1835 1025 καὶ
1879 960 2096 1042 ἀοιδῇ,

294 1043 396 1108 τοί
437 1064 511 1119 γε
555 1046 668 1122 μὲν
713 1043 794 1108 αὖ
836 1045 1196 1119 γελόωντες
1239 1045 1361 1109 ὑπ’
1404 1044 1710 1123 αὐλητῆρι
1753 1045 2013 1108 ἕκαςτος

295 1129 527 1207 πρόςθ’
572 1128 762 1193 ἔκιον.
805 1131 1014 1195 πᾶςαν
1059 1130 1133 1193 δὲ
1174 1127 1366 1193 πόλιν
1410 1129 1619 1192 θαλίαι
1659 1149 1729 1193 τε
1772 1128 1959 1207 χοροί
2001 1147 2069 1191 τε

297 1211 552 1288 ἀγλαΐαι
593 1214 659 1277 τ’
703 1210 900 1290 εἶχον.
985 1212 1085 1277 τοὶ
1128 1213 1194 1276 δ’
1239 1211 1321 1275 αὖ
1363 1213 1764 1291 προπάροιθε
1806 1211 2053 1288 πόληος
2120 1218 2223 1270 285

293 1299 462 1360 νῶθ’
501 1296 724 1362 ἵππων
770 1295 1102 1376 ἐπιβάντες
1146 1295 1432 1360 ἐθύνεον.
1520 1297 1581 1359 οἱ
1624 1297 1693 1358 δ’
1723 1295 2032 1374 ἀροτῆρες

293 1379 551 1459 ἤρεικον
594 1380 800 1458 χθόνα
841 1384 1008 1456 δῖαν,
1053 1380 1473 1459 έπιςτολάδην
1517 1381 1589 1444 δὲ
1632 1383 1907 1459 χιτῶνας

295 1464 608 1528 ἑςτάλατὶ
696 1463 897 1543 αὐτὰρ
942 1463 1054 1541 ἔην
1101 1464 1258 1544 βαθὺ
1304 1465 1511 1542 λήιον·
1560 1463 1625 1528 οἵ
1666 1483 1740 1539 γε
1784 1465 1897 1541 μὲν
1940 1461 2121 1540 ἤμων

293 1547 518 1630 αἰχμῇς
563 1547 796 1632 ὀξείῃςι
838 1547 1300 1625 κορωνιόωντα
1341 1549 1613 1626 πέτηλα,

293 1632 635 1712 βριθόμενα
678 1632 992 1711 ςταχύων,
1038 1631 1184 1696 ῶςεὶ
1228 1633 1607 1712 Δημήτερος
1650 1621 1872 1710 ἀκτήν·
2119 1639 2227 1692 290

293 1717 360 1780 0‘1
404 1717 474 1779 δ’
517 1715 630 1793 ἄρ’
673 1715 745 1779 ἑν
790 1717 1184 1782 έλλεδανοιςι
1226 1717 1382 1782 δέον
1424 1717 1527 1780 καὶ
1568 1715 1831 1780 ἔπιτνον
1876 1714 2116 1792 ἀλωήν.

291 1801 360 1864 οἳ
403 1801 470 1864 δ’
514 1799 804 1879 ἐτρύγων
849 1799 1033 1864 οἴνας
1075 1803 1402 1879 δρεπάνας
1444 1800 1537 1864 έν
1562 1800 1773 1878 χερςὶν
1818 1798 2107 1878 ἔχοντες·

292 1883 361 1946 οἳ
404 1884 470 1944 δ’
515 1881 660 1946 αὖτ’
706 1881 774 1945 ἐς
825 1883 1144 1961 ταλάρους
1187 1885 1470 1965 ἐφόρευν
1518 1883 1646 1948 ὑπὸ
1690 1883 2104 1962 τρυγητήρων

289 1958 561 2031 λευκοὺς
603 1967 705 2031 καὶ
747 1965 1022 2045 μέλανας
1067 1967 1341 2049 βότρυας
1382 1967 1679 2046 μεγάλων
1725 1965 1857 2030 ἀπὸ
1902 1965 2122 2046 ὄρχων

290 2052 688 2158 βριθομένων
733 2051 1028 2131 φύλλοιςι
1067 2054 1170 2116 καὶ
1214 2053 1529 2135 ἀργυρέῃς
1572 2052 1897 2117 ἑλίκεςςιν·
2118 2058 2224 2117 295

293 2135 378 2199 οἳ·
389 2136 456 2199 δ’
485 2134 633 2201 αὖτ’
663 2135 731 2199 ές
768 2136 1086 2215 ταλάρους
1117 2137 1431 2217 ἐφόρευν·
1478 2137 1653 2214 παρὰ
1682 2135 1754 2199 δέ
1784 2154 1990 2213 ςφιςιν
2021 2132 2225 2213 ὄρχος

289 2219 560 2299 χρύςεος
603 2219 703 2298 ἦν,
749 2222 945 2285 κλυτὰ
987 2220 1144 2299 ἔργα
1186 2222 1587 2302 περίφρονος
1628 2218 2033 2299 Ἣφαίςτοιο,

291 2302 618 2381 ςειόμενος
661 2303 954 2381 φύλλοιςι
996 2306 1099 2368 καὶ
1142 2306 1481 2391 ἀργυρέῃςι
1521 2304 1763 2383 κάμαξι,

289 2385 664 2467 βριθόμενος
708 2389 1084 2470 ςταφυλῇςι·
1131 2369 1529 2468 μελάνθηςάν
1570 2408 1645 2463 γε
1688 2390 1803 2465 μὲν
1846 2385 2005 2451 αἵδε.
2112 2393 2222 2447 300

292 2468 360 2535 οἵ
403 2490 476 2546 γε
519 2472 633 2549 μὲν
681 2449 1016 2549 ἐτράπεον,
1060 2472 1161 2553 τοὶ
1203 2476 1271 2538 δ’
1312 2474 1531 2553 ἤρυον.
1618 2471 1685 2536 οἳ
1727 2472 1795 2535 δ’
1837 2470 2157 2550 ἐμάχοντο

288 2554 414 2621 πύξ
455 2574 525 2619 τε
565 2554 669 2618 καὶ
711 2554 998 2658 ἑλκηδόν.
1084 2558 1186 2621 τοι
1227 2559 1297 2622 δ’
1340 2558 1679 2622 ὠκύποδας
1721 2555 1922 2630 λαγὸς
1964 2558 2163 2639 ᾒρευν

288 2637 522 2718 ἄνδρες
563 2638 883 2717 θηρευταί,
927 2640 1030 2704 και
1072 2643 1550 2723 καρχαρόδοντε
1592 2640 1745 2706 κύνε
1788 2638 1949 2719 πρό,

286 2722 526 2801 ἱέμενοι
567 2723 851 2801 μαπέειν,
899 2724 964 2787 οι
1006 2725 1074 2789 δ’
1116 2724 1356 2805 ἱέμενοι
1399 2724 1727 2791 ὑπαλύξαι.

287 2808 421 2886 πὰρ
465 2806 536 2870 δ’
565 2806 783 2871 αὐτοῖς
824 2806 1058 2886 ἱππῆες
1099 2808 1257 2889 ἔχον
1299 2812 1532 2887 πόνον,
1578 2807 1740 2889 ἀμφὶ
1767 2808 1833 2872 δ’
1862 2806 2073 2889 ἀέθλῳ
2114 2814 2221 2867 305

287 2894 473 2969 δῆριν
519 2889 674 2967 ἔχον
717 2892 819 2953 καὶ
860 2890 1122 2971 μόχθον.
1207 2894 1571 2960 ἐυπλεκέων
1616 2894 1685 2955 δ’
1728 2892 1835 2957 ἐπὶ
1875 2891 2131 2971 δίφρων

285 2974 540 3052 ἡνίοχοι
586 2976 903 3053 βεβαῶτες
946 2973 1208 3053 ἑφίεςαν
1256 2976 1457 3043 ὠκέας
1496 2976 1771 3053 ἵππους,

289 3058 449 3137 ῥυτὰ
491 3058 932 3139 χαλαίνοντες·
975 3060 1056 3125 τὰ
1097 3062 1165 3124 δ’
1207 3061 1663 3143 ἐπικροτέοντα
1704 3062 1982 3125 πέτοντο

287 3141 535 3222 ἅρματα
577 3143 936 3221 κολλήεντ’,
981 3143 1086 3208 ἐπὶ
1129 3147 1202 3211 δὲ
1242 3085 1523 3227 πλῆμναι
1562 3146 1709 3225 μέγ’
1751 3144 2018 3212 ἀύτευν·

291 3326 386 3376 τοί
416 3344 480 3392 γε
515 3324 630 3394 μὲν
656 3316 762 3381 οὖν
795 3330 1096 3393 παίζοντες
1129 3324 1234 3385 ὑπ’
1271 3324 1555 3403 αὖλητῆρι
1590 3328 1827 3395 euocatos
2116 3339 2225 3395 299

424 3507 476 3544 v.
513 3496 628 3546 289.
665 3464 1048 3561 κορωνιόεντα
1085 3506 1182 3553 aut
1216 3502 1583 3568 κορυνιόεντα
