2507 3935
1011 235 1411 290 ΘΕΟΓΟΝΙΑ.
2102 236 2185 304 15

258 415 348 494 τῶ
396 407 568 482 δγεί·
593 405 710 469 οὐκ
752 402 1185 480 ἀλαοςκοπιὴν
1229 401 1409 481 ἔχεν,
1455 402 1621 468 ἀλλὰ
1663 404 1951 469 δοκεύων

253 475 481 558 πάῖδας
527 491 675 554 ἑοὺς
717 486 1038 551 κατέπινε·
1083 486 1267 562 Ῥέην
1311 487 1382 551 δ’
1411 487 1518 565 ἔχε
1562 489 1800 552 πένθος
1844 489 2133 552 ἄλαςτον.

375 575 527 639 ἀλλ’
556 573 664 637 ὅτε
693 573 772 649 δὴ
791 570 908 633 Δί’
932 568 1153 647 ἔμελλε
1185 574 1355 634 θεῶν
1385 572 1618 649 πατέρ’
1645 572 1758 649 ἠδὲ
1785 574 1887 635 καὶ
1916 571 2175 650 ἀνδρῶν

251 662 558 735 τέξεςθαι,
600 655 746 720 τότ’
787 653 1006 718 ἔπειτα
1048 653 1280 731 φίλους
1325 655 1613 719 λιτάνευε
1656 660 1891 733 τοκῆας

252 746 400 809 τοὺς
444 742 666 817 αὐτῆς,
715 737 903 802 Γαῖάν
945 756 1016 800 τε
1059 738 1160 800 καὶ
1205 737 1505 816 Οὐρανὸν
1551 738 1957 816 ἀςτερόεντα,
2074 747 2177 800 470

252 831 427 906 μῆτιν
472 822 1008 904 ςυμφράςςαςθαι,
1053 819 1237 884 ὅπως
1283 823 1614 886 λελάθοιτο
1655 826 1924 887 τεκοῦςα

253 915 446 974 παῖδα
489 909 713 1010 φίλον,
756 905 991 970 τίςαιτο
1035 905 1102 968 δ’
1147 904 1359 982 ἐρινῦς
1402 907 1645 983 πατρὸς
1690 906 1827 970 ἑοῖο

252 995 532 1073 παίδων,
579 985 701 1064 οὓς
743 987 1057 1052 κατέπινε
1099 987 1305 1068 μέγας
1346 988 1621 1071 Κρόνος
1656 985 2139 1071 ἀγκυλομήτης.

385 1077 449 1142 οἳ
492 1078 564 1140 δὲ
606 1074 864 1152 θυγατρὶ
907 1070 1061 1154 φίλῃ
1105 1071 1285 1148 μάλα
1316 1073 1431 1150 μὲν
1474 1073 1673 1139 κλύον
1714 1073 1823 1151 ἠδ’
1852 1073 2173 1148 ἐπίθοντο,

251 1161 350 1224 καί
393 1161 454 1225 οἱ
494 1157 940 1238 πεφραδέτην,
987 1133 1105 1218 ὅςα
1146 1176 1270 1234 περ
1313 1157 1619 1236 πέπρωτο
1664 1157 1953 1233 γενέςθαι
2075 1167 2174 1217 475

257 1244 414 1324 ἀμφὶ
461 1243 768 1350 Κρόνῳβ
733 1241 972 1321 βαςιλῆι
1016 1239 1116 1301 καὶ
1158 1237 1276 1303 υἱέι
1317 1241 1783 1320 καρτεροθύμῳ.

252 1330 512 1407 πέμψαν
558 1327 626 1390 δ’
657 1306 734 1389 ἐς
779 1323 1026 1388 Λύκτον
1076 1323 1315 1402 Κρήτης
1358 1324 1425 1387 ἐς
1468 1325 1665 1388 πίονα
1708 1327 1943 1402 δῆμον,

251 1411 494 1476 ὁππότ’
535 1409 651 1488 ἄρ’
693 1408 1059 1472 ὁπλότατον
1104 1407 1358 1471 παίδων
1403 1409 1631 1486 ἤμελλε
1674 1408 1981 1483 τεκέςθαι,

246 1496 428 1574 Ζῆνα
469 1495 696 1574 μέγαν·
740 1493 856 1556 τὸν
902 1490 1017 1568 μέν
1065 1489 1127 1554 οἱ
1169 1489 1430 1557 ἐδέξατο
1479 1493 1627 1554 Γαῖα
1670 1492 1929 1569 πελώρη

251 1580 455 1662 Κρήτῃ
500 1579 572 1643 ἐν
618 1575 830 1657 εὐρείῃ
874 1573 1187 1651 τρεφέμεν
1231 1574 1706 1651 ἀτιταλλέμεναί
1747 1594 1832 1639 τε.
2074 1583 2177 1636 480

374 1641 530 1725 ἔνθα
573 1660 687 1736 μὲν
727 1637 865 1721 ἷκτο
910 1655 1196 1737 φέρουςα
1240 1657 1401 1735 θοὴν
1447 1659 1550 1721 διὰ
1593 1657 1790 1722 νύκτα
1834 1657 2135 1734 μέλαιναν

247 1746 512 1825 πρώτην
558 1743 624 1807 ἐς
668 1741 943 1806 Λύκτον·
986 1740 1232 1818 κρύψεν
1279 1741 1351 1804 δέ
1386 1741 1641 1820 {efflanti
1684 1743 1965 1819 λαβοῦςα

249 1829 463 1912 ἄντρῳ
508 1827 580 1893 ἐν
623 1825 931 1908 ἠλιβάτῳ,
977 1824 1200 1901 ζαθέης
1244 1823 1375 1888 ὑπὸ
1422 1826 1661 1889 κεύθεςι
1702 1825 1914 1904 γαίης,

248 1913 483 1996 Αἰγαίῳ
529 1911 600 1976 ἐν
646 1908 783 1989 ὄρει
825 1909 1288 1992 πεπυκαςμένῳ
1334 1908 1603 1989 ὑλήεντι.

248 2004 339 2081 τῷ
386 2000 458 2061 δὲ
502 1993 972 2073 ςπαργανίςαςα
1014 1991 1214 2070 μέγαν
1258 1993 1436 2059 λίθον
1481 1993 1847 2071 ἐγγυάλιξεν
2075 2000 2180 2057 485

253 2062 575 2163 Οὐρανίδῃ
618 2078 767 2157 μέγ’
810 2076 1059 2152 ἄνακτι,
1105 2080 1275 2142 θεῶν
1320 2078 1617 2160 προτέρῳ
1664 2080 1919 2155 βαςιλῆι.

376 2166 491 2229 τὸν
534 2142 680 2227 τόθ’
709 2161 878 2227 ἑλὼν
921 2158 1224 2239 χείρεςςιν
1271 2160 1383 2237 ἑὴν
1427 2139 1764 2235 ἐγκάτθετο
1808 2158 2039 2236 νηδύν,

254 2269 327 2327 ςχ
331 2249 568 2312 έτλιος·
615 2245 769 2310 οὐδ’
813 2244 1038 2321 ἐνόηςε
1081 2244 1236 2321 μετὰ
1281 2244 1539 2324 φρεςίν,
1587 2242 1677 2307 ὥς
1722 2242 1783 2305 οἱ
1826 2240 2064 2306 ὀπίςςω

248 2331 389 2397 ἀντὶ
433 2331 614 2395 λίθου
658 2329 766 2393 ἑὸς
809 2327 947 2393 υἱὸς
992 2326 1288 2405 ἀνίκητος
1332 2327 1431 2391 καὶ
1475 2326 1708 2405 ἀκηδὴς

247 2416 514 2491 λείπεθ’,
560 2414 599 2477 ὅ
630 2434 732 2490 μιν
761 2412 914 2491 τάχ’
942 2412 1162 2491 ἔμελλε
1195 2412 1296 2495 βίῃ
1327 2411 1429 2475 καὶ
1458 2412 1629 2491 χερςι
1658 2410 1971 2489 δαμάςςας
2078 2417 2179 2469 490

249 2503 426 2577 τιμῆς
469 2496 768 2573 ἐξελάαν,
815 2496 853 2560 ὃ
899 2497 967 2559 δ’
1010 2495 1082 2559 ἐν
1128 2474 1530 2560 ἀθανάτοιςιν
1576 2494 1847 2560 ἀνάξειν.

382 2582 791 2661 καρπαλίμως
832 2580 890 2643 δ’
933 2578 1041 2658 ἄρ’
1085 2578 1304 2643 ἔπειτα
1348 2578 1539 2655 μένος
1582 2579 1682 2640 καὶ
1727 2577 1991 2655 φαίδιμα
2031 2578 2180 2650 γυῖα

253 2666 484 2743 ηὔξετο
527 2669 666 2731 τοῖο
713 2663 1013 2729 ἄνακτος·
1057 2662 1510 2740 ἐπιπλομένων
1555 2662 1623 2722 δ’
1666 2660 1978 2725 ἐνιαυτῶν

250 2755 300 2826 Ε
333 2750 514 2827 Γαίης
557 2746 863 2825 ἐννεςίηςι
905 2746 1411 2825 πολυφραδέεςςι
1454 2744 1760 2808 δολωθεὶς

254 2834 338 2899 ὃν
378 2834 586 2907 γόνον
631 2832 726 2909 ἂψ
774 2810 1002 2907 ἄνέηκε
1045 2830 1239 2907 μέγας
1287 2829 1531 2906 Κρόνος
1574 2826 2034 2905 ἀγκυλομήτης,
2077 2834 2181 2888 495

240 2922 285 2995 D
318 2918 588 2996 νικηθεὶς
633 2916 880 2998 τέχνῃςι
925 2913 1103 2994 βίηφί
1143 2934 1212 2977 τε
1256 2912 1487 2976 παιδὸς
1530 2912 1698 2976 ἑοῖο·

247 3004 518 3078 πρῶτον
561 3000 632 3063 δ’
661 2999 695 3048 ‘¹‘
728 2977 989 3077 ἑξήμηςε
1031 2997 1242 3073 λίθον,
1288 2996 1579 3075 πύματον
1624 2995 2012 3060 καταπίνων.

375 3084 491 3148 τὸν
536 3085 652 3162 μὲν
696 3081 862 3147 Ζεὺς
908 3081 1148 3157 ςτήριξε
1189 3081 1350 3143 κατὰ
1391 3079 1628 3156 χθονὸς
1671 3076 2037 3156 εὐρυοδείης

243 3166 462 3230 Πυθοῖ
504 3166 574 3233 ἐν
619 3165 858 3248 ἠγαθέῃ
902 3165 1165 3241 γυάλοις
1207 3162 1338 3225 ὕπο
1382 3162 1790 3239 Παρνηςοῖο,

245 3251 401 3329 ςῆμ’
445 3248 592 3327 ἔμεν
638 3227 948 3324 ἐξοπίςω,
993 3251 1199 3325 θαῦμα
1240 3248 1518 3323 θνητοῖςι
1562 3246 1851 3323 βροτοῖςι.
2078 3248 2181 3303 500

374 3419 524 3480 λῦςε
571 3418 642 3479 δὲ
686 3415 1306 3495 πατροκαςιγνήτους
1352 3414 1570 3477 ὀλοῶν
1615 3411 1746 3476 ἀπὸ
1792 3410 2039 3485 δεςμῶν

243 3500 646 3581 Οὐρανίδας,
693 3498 806 3563 οὓς
851 3502 998 3578 δῆςε
1041 3500 1248 3577 πατὴρ
1296 3495 1850 3577 άεςιφροςύνῃςιν·
