2507 3935
61 1113 89 1220 ι

65 1221 94 1503 ¹1

71 1680 95 1780 ί

945 824 1410 901 ΗΣῙΟΔΟΤ

686 960 945 1012 EPPA
1013 961 1186 1014 ΚΑΙ
1253 958 1665 1012 HMEPAI.

215 1245 292 1258 —
428 1208 678 1274 Μοῢςαι
720 1208 1057 1287 Πιερίηθεν
1104 1208 1347 1293 ἀοιδῇςι
1388 1209 1734 1286 κλείουςαι,

217 1329 290 1341 -
339 1296 554 1371 δεῦτε,
603 1292 716 1359 Δί’
762 1291 1064 1358 ἐννέπετε
1110 1293 1422 1373 ςφέτερον
1465 1294 1696 1372 πατέρ’
1740 1292 2134 1375 ὑμνείουςαι,

217 1413 288 1424 -
341 1375 423 1440 ὅν
465 1397 534 1441 τε
576 1377 680 1442 διὰ
724 1377 942 1456 βροτοὶ
984 1375 1215 1455 ἄνδρες
1246 1377 1421 1456 ὁμῶς
1452 1375 1691 1455 ἄφατοί
1717 1397 1786 1442 τε
1816 1378 2016 1456 φατοί
2043 1399 2131 1457 τε,

215 1495 285 1508 -
340 1459 520 1540 ῥητοί
561 1461 625 1525 τ’
667 1459 930 1539 ἄρρητοί
971 1481 1041 1526 τε
1085 1460 1248 1526 Διὸς
1291 1462 1593 1539 μεγάλοιο
1638 1461 1834 1540 ἕκητι·

215 1581 286 1591 —-
425 1542 542 1622 ῥέα
569 1545 682 1622 μὲν
711 1545 834 1622 γὰρ
865 1544 1081 1624 βριάει,
1115 1542 1232 1622 ῥέα
1261 1545 1332 1607 δὲ
1364 1545 1665 1623 βριάοντα
1698 1544 2027 1624 χαλέπτει,
2094 1555 2131 1608 5

79 1620 81 1648 ³
213 1663 286 1675 —-
338 1625 480 1705 ῥεῖα
521 1629 587 1691 δ’
616 1626 916 1706 ἀρίζηλον
961 1627 1200 1705 μινύθει
1240 1629 1343 1691 καὶ
1386 1626 1627 1705 ἄδηλον
1674 1627 1868 1704 ἀέξει,

213 1747 284 1758 —-
343 1709 486 1789 ῥεῖα
528 1711 600 1774 δέ
642 1711 710 1774 τ’
753 1707 947 1775 ἰθύνει
992 1711 1245 1775 ςκὸλιὸν
1290 1711 1390 1774 καὶ
1434 1709 1721 1789 ἀγήνορα
1762 1711 1993 1790 κάρφει

83 1841 88 1859 .
215 1831 288 1842 --
337 1793 504 1859 Ζεὺς
548 1793 996 1875 ὑψιβρεμέτης,
1043 1794 1117 1858 ὃς
1161 1793 1483 1874 ὑπέρτατα
1522 1795 1783 1874 δώματα
1826 1795 2003 1860 ναίει.
2107 1800 2131 1821 ‘

87 1947 104 1997 ι

84 2049 105 2119 ι

78 2203 105 2330 ί

41 2432 109 2540 ,ἕ

212 1992 288 2009 —-
422 1963 632 2027 κλῦθι
673 1957 840 2025 ἰδών
885 1956 1051 2026 ἀίων
1091 1985 1164 2027 τε
1183 2010 1203 2045 ,
1264 1961 1417 2047 δίκῃ
1463 1959 1528 2027 6?
1574 1965 1773 2028 133va
1811 1961 2131 2046 θέμιστας

215 2082 289 2093 -
336 2042 539 2129 τύνη·
587 2042 716 2128 ἐγώ
749 2044 828 2109 δέ
851 2068 928 2110 κε
957 2046 1191 2130 Πέρσῃ
1225 2046 1517 2130 ἐτήτυμα
1545 2048 2003 2131 μυθησαίμην.
2066 2056 2130 2108 10

294 2212 429 2276 Οὐκ
455 2211 582 2293 ἄρα
608 2217 856 2291 μοῦνον
887 2213 998 2292 ἔην
1028 2212 1290 2292 Ἐρίδων
1318 2214 1513 2289 γένος
1530 2262 1547 2290 ,
1594 2213 1742 2277 ἀλλ’
1771 2212 1875 2279 ἐπὶ
1902 2215 2089 2290 γαῖαν

209 2294 322 2361 εἰςὶ
365 2296 530 2361 δύω·
573 2298 691 2375 τὴν
735 2297 850 2375 μέν
893 2317 1003 2362 κεν
1048 2298 1429 2367 ἑπαινέςςειε
1472 2297 1729 2376 νοήςας,

90 2366 110 2393 ¹
205 2380 247 2458 ἣ
291 2380 360 2443 δ’
405 2380 794 2460 ἐπιμωμητή·
840 2383 943 2446 διὰ
985 2382 1050 2446 δ’
1095 2380 1321 2461 ἄνδιχα
1364 2383 1563 2462 θυμὸν
1608 2382 1877 2461 ἔχουςιν.

292 2464 332 2541 ἢ
375 2466 489 2543 μὲν
531 2465 655 2542 γὰρ
697 2465 983 2545 πόλεμόν
1025 2486 1095 2530 τε
1136 2466 1333 2529 κακὸν
1375 2467 1479 2529 καὶ
1519 2470 1699 2545 δῆριν
1745 2466 2041 2545 ὀφέλλει,

209 2548 484 2627 ςχετλίη·
529 2546 607 2613 οὔ
636 2568 727 2613 τις
755 2550 870 2626 τήν
900 2570 974 2627 γε
1003 2552 1179 2629 φιλεῖ
1209 2548 1473 2628 βροτός,
1518 2549 1671 2612 ἀλλ’
1702 2547 1817 2611 ὑπ’
1850 2548 2127 2626 ἀνάγκης

210 2629 549 2697 ἀθανάτων
595 2635 890 2717 βουλῇςιν
931 2634 1106 2710 Ἔριν
1149 2634 1365 2710 τιμῶςι
1410 2634 1687 2710 βαρεῖαν.
2064 2639 2128 2691 16

199 2758 214 2763 -
291 2716 408 2795 τὴν
453 2716 521 2787 δ’
551 2714 772 2795 ἑτέρην
814 2717 1133 2794 προτέρην
1177 2716 1292 2793 μὲν
1322 2715 1611 2791 ἐγείνατο
1648 2714 1775 2781 Νὺξ
1804 2712 2125 2793 ἐρεβεννή,

207 2800 356 2874 θῆκε
399 2799 472 2863 δέ
513 2820 618 2879 μιν
665 2799 966 2879 Κρονίδης
1010 2798 1346 2878 ὑψίζυγος,
1392 2798 1863 2879 αἰθέρι-ναίων,

205 2881 386 2961 γαίης
429 2883 495 2947 τ’
538 2883 609 2948 ἑν
657 2882 848 2969 ρίζῃςι
889 2884 992 2949 καὶ
1035 2882 1297 2963 ἀνδράςι
1338 2884 1589 2949 πολλὸν
1634 2882 1887 2962 ἀμείνω.

290 2964 332 3043 ἥ
374 2986 443 3029 τε
486 2968 589 3031 καὶ
631 2967 968 3047 ἀπάλαμόν
1011 2988 1132 3045 περ
1161 2967 1335 3045 ὅμως
1363 2967 1466 3032 ἐπὶ
1500 2968 1691 3047 ἔργον
1722 2965 1973 3045 ἐγείρει·
2056 2974 2128 3026 20

206 3046 295 3113 εἰς
339 3048 563 3128 ἕτερον
605 3051 727 3129 γάρ
769 3051 862 3115 τίς
904 3070 972 3114 τε
1015 3049 1185 3115 ἰδὼν-
1215 3050 1432 3127 ἔργοιο
1478 3050 1749 3128 χατίζων

203 3132 548 3211 πλούςιον,
595 3134 669 3198 ὃς
715 3135 966 3199 ςπεύδει
1009 3134 1121 3212 μὲν
1167 3132 1512 3211 ἀρόμμεναι
1552 3132 1667 3207 ἠδὲ
1706 3130 2005 3209 φυτεύειν

203 3214 394 3281 οἶκόν
436 3218 500 3281 τ’
545 3217 618 3281 εὖ
659 3218 900 3294 θέςθαι,
945 3218 1168 3295 ζηλοῖ
1210 3216 1282 3280 δέ
1324 3235 1393 3279 τε
1434 3213 1759 3289 γείτονα
1801 3212 2082 3288 γείτων

202 3298 294 3363 εἰς
341 3298 593 3379 ἄφενον
639 3302 997 3367 ςπεύδοντ’·
1042 3300 1244 3380 ἀγαθὴ
1291 3298 1357 3365 δ’
1385 3298 1553 3378 ’Έρις
1593 3297 1707 3377 ἥδε
1751 3298 2044 3378 βροτοῖςι.

341 3498 396 3537 v.
433 3487 484 3536 2.
519 3484 685 3537 δεῦτε
718 3484 804 3552 δὴ.
