2507 3935
1006 239 1394 294 ΘΕοΓοΝῙΑ.
2080 239 2167 304 29

242 403 308 469 ’ῖς
348 406 730 484 Ἡρακλῆος,
775 407 1026 470 τελέςας
1070 407 1451 482 ςτονόενεας
1494 407 1792 486 ἀέθλους,

121 504 155 567 ‚j
249 492 447 553 παῖδα
477 490 640 556 Διὸς
682 490 983 568 μεγάλοιο
1026 492 1130 554 καὶ
1170 490 1372 569 Ἥρης
1400 492 1861 570 χρυςοπεδίλου

247 573 494 651 αἰδοίην
537 574 672 639 θέτ’
716 573 956 637 ἄκοιτιν
1000 573 1075 639 ἐν
1118 574 1445 658 Οὐλύμπῳ
1488 575 1807 656 νιφόεντι·

249 655 498 735 ὄλβιος,
545 658 620 721 ὃς
663 658 822 735 μέγα
866 657 1063 744 ἔργρν
1107 657 1178 722 ἐν
1221 657 1623 724 ἀθανάτοιςιν
1670 659 1942 723 ἀνύςςας

247 741 409 805 ναίει
451 739 822 819 ἀπήμαντος
864 742 965 806 καὶ
1008 740 1291 820 ἀγήραος
1334 742 1539 819 ἤματα
1580 742 1807 807 πάντα.
2061 751 2163 804 955

374 824 599 906 Ἠελίῳ
645 826 712 888 δ’
743 824 1048 903 ἀκάμαντι
1089 825 1228 890 τέκε
1271 827 1463 903 κλυτὴ
1509 824 1835 905 Ὠκεανίνη

249 907 515 986 Περςηὶς
561 908 785 987 Κίρκην
826 929 894 972 τε
937 910 1037 972 καὶ
1078 909 1306 988 Αἰήτην
1352 912 1628 988 βαςιλῆα.

372 990 591 1069 Αἰήτης
634 994 703 1055 δ’
748 991 884 1056 υἱὸς
926 993 1396 1073 φαεςιμβρότου
1441 993 1715 1058 Ἠελίοιο

247 1074 485 1153 κούρην
527 1075 860 1140 Ὠκεανοῖο
901 1077 1236 1153 τελήεντος
1279 1081 1598 1155 ποταμοῖο

247 1161 406 1237 γῆμε
445 1162 616 1224 θεῶν
662 1162 992 1242 βουλῇςιν,
1035 1161 1260 1224 Ἰδυῖαν
1303 1161 1767 1243 καλλιπάρῃον·
2059 1170 2166 1222 960

246 1242 287 1318 ἢ
331 1242 400 1306 δέ
431 1241 466 1292 ί·
496 1242 557 1306 οἱ
601 1243 886 1320 Μήδειαν
930 1243 1255 1322 ἑύςφυρον
1300 1243 1370 1308 ἑν
1417 1244 1705 1324 φιλότητι

247 1326 492 1401 γείναθ’
538 1325 964 1405 ὑποδμηθεῖςα
1008 1328 1112 1391 διὰ
1153 1327 1423 1406 χρυςέην
1465 1327 1863 1408 Ἀφροδίτην.

372 1479 581 1556 Ὑμεῖς
625 1480 738 1558 μὲν
782 1481 902 1543 νῦν
945 1477 1209 1558 χαίρετ’,
1253 1478 1569 1557 Ὀλύμπια
1610 1478 1856 1557 δώματ’
1887 1478 2163 1558 ἔχοντες.

245 1565 368 1629 νῦν
413 1563 484 1626 δὲ
527 1561 739 1628 θεάων
782 1563 995 1641 φῦλον
1041 1561 1321 1638 ἀείςατε,
1364 1561 1691 1638 ἡδυέπειαι
2058 1570 2164 1623 965

247 1647 503 1710 Μοῦςαι
544 1645 988 1722 Ὀλυμπιάδες,
1034 1648 1259 1722 κοῦραι
1301 1645 1465 1709 Διὸς
1508 1644 1853 1722 αἰγιόχοιο,

246 1729 426 1794 ὅςςαι
470 1729 546 1806 δὴ
590 1730 865 1806 θνητοῖςι
905 1729 1067 1805 παρ’
1110 1727 1413 1806 ἀνδράςιν
1456 1728 1809 1806 εὐνηθεῖςαι

247 1812 556 1880 ἀθάναται
597 1812 894 1887 γείναντο
937 1813 1109 1876 θεοῖς
1150 1811 1466 1878 ἐπιείκελα
1508 1812 1715 1877 τέκνα.

375 1896 678 1976 Δημήτηρ
721 1897 834 1974 μὲν
877 1895 1179 1960 Πλοῦτον
1223 1895 1547 1974 ἐγείνατο,
1591 1899 1697 1961 δῖα
1738 1895 1971 1977 θεάων,
2074 1893 2077 1898 ’

245 1979 444 2064 Ἰαςίῳ
486 1980 648 2060 ἥρωι
689 1981 913 2059 μιγεῖς’
957 1980 1148 2063 ἐρατῇ
1193 1980 1484 2061 φιλότητι
2061 1989 2165 2042 970

247 2070 404 2148 νειῷ
448 2064 544 2131 ἔνι
584 2064 869 2146 τριπόλῳ
918 2064 1155 2141 Κρήτης
1197 2063 1271 2127 ἐν
1314 2064 1490 2129 πίονι
1532 2065 1743 2147 δήμῳ,

248 2147 506 2225 ἑςθλόν,
551 2148 627 2211 ὃς
670 2146 764 2211 εἷς
781 2148 798 2171 ’
841 2146 946 2209 ἐπὶ
985 2150 1108 2223 γῆν
1151 2166 1219 2211 τε
1265 2146 1365 2211 καὶ
1406 2146 1599 2225 εὐρέα
1638 2151 1817 2212 νῶτα
1856 2146 2165 2225 θαλάςςης

247 2234 481 2297 πᾶςαν·
521 2236 614 2315 τῷ
648 2231 719 2295 δὲ
761 2231 1017 2309 τυχόντι
1059 2230 1161 2295 καὶ
1205 2227 1285 2294 οὗ
1328 2228 1393 2293 κ’
1438 2230 1507 2293 ἐς
1545 2232 1761 2309 χεῖρας
1800 2229 2037 2308 ἵκηται,

248 2316 366 2380 τὸν
409 2316 476 2378 δ’
507 2314 780 2396 ἀφνειὸν
825 2313 1038 2392 ἔθηκε,
1084 2312 1296 2377 πολύν
1341 2312 1409 2377 τέ
1452 2312 1513 2377 οἱ
1558 2314 1815 2379 ὤπαςεν
1860 2313 2077 2394 ὄλβον.

379 2398 606 2481 Κάδμῳ
636 2400 702 2461 δ’
733 2398 1024 2477 Ἁρμονίη
1053 2396 1331 2475 θυγάτηρ
1360 2398 1624 2477 χρυςέης
1652 2398 2031 2478 Ἀφροδίτης
2062 2408 2163 2459 975

247 2482 386 2547 Ἰνὼ
429 2483 534 2545 καὶ
574 2481 845 2559 (εμέλην
888 2482 990 2545 καὶ
1032 2482 1303 2559 Ἀγαυὴν
1346 2482 1781 2565 καλλιπάρῃον

246 2565 576 2645 Αὐτονόην
621 2566 708 2641 θ’,
750 2566 831 2643 ἢν
873 2568 1072 2643 γῆμεν
1115 2565 1461 2643 Ἀριςταῖος
1506 2563 1909 2643 βαθυχαίτης,

251 2650 504 2725 γείνατο
547 2649 650 2712 καὶ
690 2649 1094 2726 Πολύδωρον
1140 2646 1515 2729 ἐυςτεφάνῳ
1557 2646 1655 2711 ἐνὶ
1698 2646 1891 2730 Θήβῃ.

377 2734 646 2815 Τιθωνῷ
691 2733 759 2794 δ’
788 2732 954 2795 Ἠὼς
983 2731 1122 2795 τέκε
1153 2730 1463 2808 Μέμνονα
1490 2729 2021 2811 χαλκοκορυςτήν,
2063 2739 2166 2793 984

248 2815 564 2880 Αἰθιόπων
609 2816 900 2895 βαςιλῆα,
944 2815 1046 2879 καὶ
1087 2814 1449 2893 Ἠμαθίωνα
1492 2815 1748 2880 ἄνακτα.

247 2900 450 2979 αὐτάρ
479 2898 515 2949 ¹¹·
543 2918 646 2963 τοι
689 2899 962 2982 Κεφάλῳ
1006 2897 1310 2980 φιτύςατο
1353 2899 1656 2978 φαίδιμον
1702 2898 1863 2975 υἱόν,

245 2982 510 3063 ἴφθιμον
552 2982 917 3059 Φαέθοντα,
960 2984 1132 3047 θεοῖς
1174 2981 1526 3046 ἐπιείκελον
1571 2982 1803 3061 ἄνδρα·

245 3132 419 3200 νῆσοί
449 3124 504 3185 τ’
542 3125 777 3201 ἤπειροί
806 3150 868 3187 τε
905 3130 1004 3185 καὶ
1039 3123 1292 3197 ἁλμυρὸς
1328 3126 1537 3181 ἔνδοθι
1568 3125 1794 3190 πόντος.
2066 3135 2167 3185 964

347 3243 528 3335 κοιξρῃ
566 3242 624 3302 δ’
658 3242 962 3327 Ὠκεανοῖο
998 3238 1287 3325 Χρυσᾶρρι
1320 3239 1731 3327 καρτεροθύμῳ
2064 3253 2167 3301 979

243 3320 538 3452 καῖρε,
553 3309 931 3463 ἑξετεῖ-τι
951 3314 1839 3463 Ἔεὲῖᾷινειῖτῗιιεῖδέζέιντωι,

245 3447 577 3519 Γηρυονέα,
615 3467 717 3502 του
751 3454 943 3526 κτεῖνε
979 3448 1076 3516 βίη
1117 3448 1451 3524 Ηρακληείη

245 3518 398 3586 βοῶν
437 3510 590 3572 ἕνεκ’
631 3514 940 3570 εἰλιπόδων
975 3508 1309 3585 ἅμφιρρυτφ
1346 3512 1434 3568 εἰν
1459 3506 1750 3585 Ἐρυθείῃ.
2066 3511 2167 3557 983
