2507 3935
345 213 431 280 43
1133 211 1471 264 ΗΣῙοΔοΤ

346 380 592 446 πολλὰς
636 380 708 447 δὲ
749 381 904 459 δρῦς
947 377 1302 459 ὑψικόμους
1346 377 1574 444 ἐλάτας
1614 398 1684 443 τε
1727 379 1997 456 παχείας

349 465 581 546 οὔρεος
623 465 696 529 ἐν
741 464 966 549 βήςςῃς
1009 466 1206 545 πιλνᾷ
1245 462 1430 541 χθονὶ
1470 464 1936 546 πουλυβοτείρῃ
2172 471 2275 524 510

349 550 700 627 ἐμπίπτων,
745 549 847 613 καὶ
889 550 1058 612 πᾶςα
1101 550 1224 628 βοᾷ
1264 546 1410 611 τότε
1453 547 1708 625 νήριτος
1752 547 1869 625 ὕλη
1890 567 1905 580 ·

349 637 537 712 θῆρες
580 633 651 697 δὲ
695 631 1050 712 φρίςςους’,
1095 630 1297 709 οὐρὰς
1340 630 1407 695 δ’
1448 629 1577 694 ὑπὸ
1622 631 1798 709 μέζε’
1842 629 2097 706 ἔθεντο,

355 722 488 783 τῶν
533 715 634 780 καὶ
676 715 880 798 λάχνῃ
925 715 1122 795 δέρμα
1164 713 1527 780 κατάςκιον·
1573 712 1737 778 ἀλλά
1779 732 1859 779 νυ
1900 715 2004 777 καὶ
2044 716 2179 780 τῶν

350 802 603 880 ψυχρὸς
645 799 775 864 ἐὼν
821 799 1025 877 διάηςι
1068 798 1507 877 δαςυςτέρνων
1552 818 1674 877 περ
1717 797 2000 863 ἐόντων·

360 885 463 949 καί
505 904 573 949 τε
616 884 721 949 διὰ
767 883 948 961 ῥινοῦ
995 883 1150 962 βοὸς
1193 882 1473 962 ἔρχεται,
1517 881 1671 947 οὐδέ
1714 901 1817 960 μιν
1860 880 2045 960 ἴςχει·
2174 891 2271 944 515

351 969 452 1032 καί
480 989 548 1032 τε
589 967 681 1031 δι’
723 965 874 1042 αἶγα
902 965 1052 1045 ἄησι
1093 965 1464 1046 τανύτριχα·
1508 965 1693 1030 πώεα
1722 966 1789 1030 δ’
1833 964 1912 1029 οὔ
1956 986 2047 1041 τι,

354 1051 578 1117 οὕνεκ’
621 1050 963 1128 ἐπηεταναὶ
1003 1047 1213 1130 τρίχες
1256 1050 1505 1126 αὐτῶν,
1550 1049 1631 1114 οὐ
1674 1049 1915 1128 διάηςιν

348 1133 411 1199 ἲς
455 1134 694 1212 ἀνέμου
723 1133 1002 1213 Βορέου·
1045 1133 1369 1212 τροχαλὸν
1416 1135 1487 1198 δὲ
1528 1133 1807 1212 γέροντα
1834 1133 2057 1210 τίθηςι·

355 1219 457 1283 καί
499 1219 602 1282 διὰ
646 1221 1028 1297 παρθενικῆς
1072 1216 1487 1299 ἁπαλόχροος
1532 1216 1613 1280 οὐ
1656 1217 1929 1295 διάηςιν,

354 1303 396 1380 ἥ
439 1323 508 1367 τε
551 1302 770 1380 δόμων
815 1301 1072 1367 ἔντοςθε
1117 1301 1273 1385 φίλῃ
1316 1301 1496 1378 παρὰ·
1532 1301 1747 1379 μητέρι
1788 1301 1994 1379 μίμνει
2176 1309 2276 1362 520

355 1386 435 1450 οὔ
479 1406 584 1449 πω
630 1385 773 1463 ἔργ’
816 1385 1014 1450 εἰδυῖα
1056 1385 1464 1464 πολυχρύςου
1507 1384 1919 1462 Ἀφροδίτης,

355 1469 498 1535 εὖτε
542 1468 927 1546 λοεςςαμένη
971 1467 1114 1546 τέρε
1158 1488 1200 1532 α
1242 1468 1408 1546 χρόα
1448 1468 1550 1531 καὶ
1593 1466 1733 1531 λίπ’
1776 1467 1971 1551 ἐλαίῳ

355 1553 692 1633 χριςαμένη
736 1551 920 1632 μυχίη
965 1571 1122 1616 κατα
1165 1552 1368 1619 έξεται
1410 1551 1674 1617 ἔνδοθεν
1720 1551 1904 1617 οἴκου

353 1637 542 1716 ἤματι
583 1635 909 1720 χειμερίῳ,
956 1633 1062 1700 ὅτ’
1107 1635 1411 1701 ἀνόςτεος
1456 1636 1534 1702 ὃν
1579 1636 1763 1699 πόδα.
1792 1637 1996 1701 τένδει

356 1719 428 1786 ἔν
470 1722 536 1785 τ’
582 1719 813 1802 ἀπύρῳ
858 1718 1015 1804 οἴκῳ
1058 1721 1160 1784 καὶ
1201 1719 1374 1800 ἤθεςι
1417 1720 1874 1796 λευγαλέοιςιν·
2178 1728 2277 1780 525

357 1804 438 1868 οὐ
467 1803 500 1868 ΐ
533 1804 656 1883 γάρ
701 1803 762 1867 οἱ
804 1803 1018 1880 ἠέλιος
1063 1803 1274 1867 δείκνυ
1317 1804 1521 1881 νομὸν
1568 1803 1949 1882 ὁρμηθῆναι,

357 1887 510 1952 ἀλλ’
555 1887 658 1951 ἐπὶ
700 1887 994 1951 κυανέων
1037 1885 1299 1966 ἀνδρῶν
1343 1888 1545 1965 δῆμόν
1588 1907 1658 1952 τε
1701 1887 1891 1952 πόλιν
1934 1906 2007 1952 τε

358 1974 744 2053 ςτρωφᾶται,
791 1971 1056 2051 βράδιον
1101 1972 1172 2036 δὲ
1214 1971 1683 2050 Πανελλήνεςςι
1726 1973 1991 2053 φαείνει.

358 2058 460 2121 καὶ
501 2056 647 2123 τότε
692 2056 768 2134 δὴ
813 2056 1030 2135 κεραοὶ
1073 2054 1172 2120 καὶ
1215 2056 1471 2134 νήκεροι
1513 2055 1835 2137 ὑληκοῖται

359 2141 602 2220 λυγρὸν
646 2139 1035 2221 μυλιόωντες
1081 2139 1207 2206 ἀνὰ
1249 2140 1393 2219 δρία
1436 2140 1779 2220 βηςςήεντα
1895 2151 1902 2158 ’
2180 2149 2282 2202 530

359 2226 738 2305 φεύγουςιν·
781 2224 883 2291 καὶ
925 2226 1112 2292 πᾶςιν
1159 2224 1252 2290 ἐνὶ
1290 2225 1473 2303 φρεςὶ
1514 2228 1708 2289 τοῦτο
1751 2224 2057 2304 μέμηλεν,

361 2309 426 2371 οἳ
469 2308 667 2371 ςκέπα
708 2308 1038 2385 μαιόμενοι
1079 2309 1388 2374 πυκινοὺς
1432 2312 1797 2386 κευθμῶνας
1841 2307 2055 2388 ἔχουςι

359 2391 462 2455 καὶ
501 2390 720 2469 γλάφυ
763 2394 1062 2469 πετρῆεν·
1104 2391 1251 2455 τότε
1295 2392 1373 2470 δὴ
1415 2392 1666 2470 τρίποδι
1710 2392 1963 2474 ῒβροτῷ
2008 2389 2168 2470 ῖςοι,

285 2532 292 2539 .
362 2472 442 2539 οὗ
485 2474 554 2540 τ’
597 2473 700 2537 ἐπὶ
743 2476 920 2540 νῶτα
964 2474 1144 2550 ἔαγε,
1189 2473 1348 2553 κάρη
1393 2476 1467 2538 δ’
1506 2474 1596 2543 εἰς
1639 2474 1835 2541 οὖδας
1880 2475 2135 2555 ὁρᾶται,

361 2564 453 2643 τῷ
497 2557 696 2625 ἴκελοι
739 2561 1045 2637 φοιτῶςιν
1091 2556 1472 2636 ἀλευόμενοι
1514 2558 1675 2640 νίφα
1716 2560 1962 2638 λευκήν.
2182 2569 2281 2622 535

486 2727 588 2793 καὶ
628 2726 775 2792 τότε
817 2728 1103 2795 ἕςςαςθαι
1144 2726 1344 2809 ἔρυμα
1385 2728 1613 2807 χροός,
1662 2728 1752 2793 ὥς
1795 2748 1862 2793 ςε
1904 2727 2181 2807 κελεύω,

363 2810 630 2889 χλαῖνάν
674 2830 744 2876 τε
789 2812 1075 2891 μαλακὴν
1118 2813 1220 2878 καὶ
1262 2810 1629 2891 τερμιόεντα
1672 2815 1941 2891 χιτῶνα,

365 2894 620 2972 ςτήμονι
663 2894 730 2957 δ’
772 2894 844 2959 ἐν
889 2895 1118 2979 παύρῳ
1163 2897 1413 2974 πολλὴν
1459 2895 1657 2975 κρόκα
1698 2895 2106 2975 μηρύςαςθαι·

361 2979 480 3057 τὴν
524 2978 981 3059 περιέςςᾳςθαι,
1024 2976 1135 3044 ἵνα
1177 2999 1279 3044 τοι
1320 2979 1527 3060 τρίχες
1570 2978 1944 3059 ἀτρεμέωςι,

365 3063 514 3143 μηδ’
559 3062 744 3142 ὀρθαὶ
784 3062 1124 3144 φρίςςωςιν
1169 3060 1529 3143 ἀειρόμεναι
1570 3063 1729 3129 κατὰ
1772 3067 1976 3142 ςῶμα·
2186 3072 2288 3125 540

365 3147 527 3227 ἀμφὶ
555 3149 640 3212 δὲ
682 3148 863 3211 ποςςὶ
904 3147 1130 3213 πέδιλα
1160 3148 1330 3231 ,βοὸς
1372 3146 1475 3227 ἶφι
1516 3146 1850 3226 κταμένοιο

366 3230 608 3308 ἄρμενα
651 3231 978 3311 δήςαςθαι,
1022 3230 1231 3296 πίλοις
1277 3232 1532 3297 ἔντοςθε
1573 3230 1908 3295 πυκάςςας.

499 3446 552 3481 v.
588 3433 704 3485 523.
742 3431 902 3498 νυχίη
1041 3450 1092 3485 v.
1128 3434 1246 3489 528.
1284 3422 1427 3499 παρ’
1460 3430 1771 3497 *Ελλήνεςςι
1905 3448 1961 3485 v.
1999 3434 2119 3485 ⁶30.
2157 3432 2291 3497 μαλ-

367 3492 636 3547 κιόωντες
