2507 3935
865 228 1102 282 ΑΣΠΙΣ
1143 225 1621 279 ΗΡΑΚΑΕΟΤΣ.
2125 221 2205 288 71

279 393 602 474 ςπερχνὸν
645 393 875 458 παιδὸς
918 393 1032 458 ἑοῡ
1074 393 1320 458 κοτέων
1364 393 1509 471 περὶ
1552 396 1965 471 τεθνηῶτος,”

279 479 352 544 ἑν
397 479 570 543 ςάκεϊ
612 478 894 560 μεγάλῳ·
940 476 1071 541 ἀπὸ
1117 478 1189 541 δὲ
1229 478 1596 551 γλαυκῶπις
1639 476 1868 555 Ἀθήνη
2104 485 2205 538 455

280 562 508 641 ἔγχεος
551 561 754 640 ὁρμὴν
798 561 1032 640 ἔτραπ’
1077 559 1426 640 ὀρεξαμένη
1472 560 1602 626 ἀπὸ
1648 560 1903 639 δίφρου.

365 647 553 725 δριμὺ
593 647 658 710 δ’
687 646 886 723 Ἄρην
931 645 1091 724 ἄχος
1134 643 1331 710 εἶλεν·
1375 643 1798 725 ἑρυςςάμενος
1828 644 1897 708 δ’
1927 642 2049 722 ἄορ
2093 643 2206 708 ὀξὺ

282 730 488 795 ἔςςυτ’
535 729 651 808 ἐφ’
693 728 1040 808 ί·“Ηρακλῆι
1083 728 1584 808 κρατερόφρονι·
1628 729 1745 794 τὸν
1790 727 1856 791 δ’
1902 725 2168 792 ἐπιόντα

281 812 869 894 Ἀμφιτρυωνιάδης
914 815 1126 890 δεινῆς
1169 812 1483 892 ἀκόρητος
1527 812 1722 890 ἀυτῆς

282 899 484 977 μηρὸν
527 897 944 976 γυμνωθέντα
988 895 1210 961 ςάκευς
1253 895 1385 962 ὑπὸ
1430 897 1793 961 δαιδαλέοιο
2105 903 2209 964 4δῦ

280 981 502 1046 οὔτας’
548 981 968 1060 ἐπικρατέως,
1014 981 1117 1044 διὰ
1161 981 1232 1045 δὲ
1275 981 1439 1058 μέγα
1480 982 1709 1060 ςαρκὸς
1752 979 1944 1060 ἄραξε

282 1064 546 1143 δούρατι
587 1066 916 1142 νωμήςας,
960 1065 1064 1128 ἐπὶ
1108 1065 1180 1128 δὲ
1221 1066 1406 1142 χθονὶ
1448 1066 1725 1146 κάββαλε
1768 1066 1971 1148 μέςςῃ.

365 1153 459 1230 τῷ
505 1149 576 1211 δὲ
619 1148 834 1227 Φόβος
876 1148 977 1211 καὶ
1017 1149 1263 1225 Δεῖμος
1304 1148 1618 1227 ἐύτροχον
1648 1147 1814 1227 ἅρμα
1842 1149 1944 1211 καὶ
1968 1145 2210 1214 ἵππους

282 1232 525 1310 ἤλαςαν
569 1229 723 1310 αἶψ’
765 1230 984 1308 ἐγγύς,
1030 1232 1134 1294 καὶ
1175 1230 1307 1296 ἀπὸ
1352 1233 1589 1310 χθονὸς
1633 1231 2001 1310 εὐρυοδείης

283 1315 352 1380 ἐς
395 1315 631 1395 δίφρον
677 1317 874 1392 θῆκαν
917 1313 1429 1380 πολυδαίδαλον·
1474 1312 1641 1394 αἶψα
1684 1316 1753 1379 δ’
1796 1315 2015 1379 ἔπειτα
2108 1323 2209 1376 465

281 1399 522 1480 ἵππους
566 1400 915 1479 μαςτιέτην,
957 1397 1178 1464 ἵκοντο
1223 1399 1297 1464 δὲ
1339 1399 1580 1478 μακρὸν
1624 1399 1977 1478 Ὄλυμπον.

369 1483 509 1547 υίὸς
551 1484 618 1546 δ’
661 1483 1009 1562 Ἀλκμήνης
1052 1483 1152 1546 καὶ
1195 1482 1537 1562 κυδάλιμος
1578 1483 1823 1549 Ἰόλαος

285 1566 534 1632 Κύκνον
580 1567 1029 1632 ςκυλεύςαντες
1074 1565 1195 1630 ἀπ’
1239 1565 1438 1645 ὤμων
1481 1566 1711 1644 τεύχεα
1753 1567 1918 1630 καλὰ

283 1650 594 1715 νίςςοντ’·
639 1649 804 1729 αἶψα
848 1651 917 1714 δ’
961 1649 1180 1714 ἔπειτα
1220 1651 1415 1715 πόλιν
1458 1650 1777 1728 Τρηχῖνος
1816 1647 2040 1714 ἵκοντο
2095 1725 2101 1733 ⁶

282 1733 506 1799 ἵπποις
551 1734 996 1799 ὠκυπόδεςςιν.
1083 1732 1242 1812 ἀτὰρ
1285 1737 1650 1810 γλαυκῶπις
1692 1734 1919 1812 Ἀθήνη
2109 1743 2221 1793 470

283 1818 510 1885 ἐξίκετ’
555 1817 903 1898 Οὔλυμπόν
948 1838 1017 1882 τε
1061 1819 1260 1895 μέγαν
1304 1818 1405 1882 καὶ
1448 1818 1709 1897 δώματα
1751 1817 2013 1895 πατρός.

372 1903 621 1967 Κύκνον
667 1903 735 1966 δ’
779 1901 861 1966 αὖ
911 1901 1072 1981 Κήυξ
1117 1901 1357 1966 θάπτεν
1400 1903 1509 1967 καὶ
1544 1903 1701 1966 λαὸς
1746 1900 2064 1981 ἀπείρων,

287 1986 354 2050 οἵ
398 1986 466 2064 ῥ’
510 1987 700 2062 ἐγγὺς
742 1989 929 2051 ναῖον
972 1986 1201 2050 πόλιος
1242 1989 1496 2050 κλειτοῦ
1542 1988 1837 2065 βαςιλῆος

282 2071 518 2149 Ἄνθην
565 2070 998 2148 Μυρμιδόνων
1045 2089 1114 2134 τε
1156 2070 1353 2133 πόλιν
1396 2069 1646 2146 κλειτήν
1690 2070 1756 2133 τ’
1798 2070 2097 2136 Ἰαωλκόν

282 2154 521 2232 Ἄρνην
565 2154 629 2217 τ’
670 2154 782 2231 ἠδ’
825 2153 1093 2231 Ἑλίκην·
1141 2152 1389 2217 πολλὸς
1431 2154 1499 2216 δ’
1543 2152 1832 2231 ἠγείρετο
1876 2152 2064 2232 λαός,
2109 2164 2209 2215 475

284 2242 591 2316 τιμῶντες
637 2238 849 2316 Κήυκα
889 2238 1085 2317 φίλον
1128 2236 1457 2315 μακάρεςςι
1499 2239 1713 2301 θεοῖςι.

283 2324 400 2386 τοῦ
446 2321 518 2386 δὲ
560 2320 776 2402 τάφον
820 2321 921 2386 καὶ
966 2321 1112 2398 ςῆμ’
1155 2318 1328 2385 ἀιδὲς
1371 2320 1634 2398 ποίηςεν
1677 2321 1994 2398 Ἄναυρος

285 2404 506 2487 ὄμβρῳ
550 2404 845 2488 χειμερίῳ
888 2405 1190 2483 πλήθων·
1234 2404 1363 2469 τὼς
1404 2404 1527 2482 γάρ
1571 2424 1674 2483 μιν
1718 2406 2053 2473 Ἀπόλλων

285 2488 596 2568 Λητοΐδης
635 2489 858 2568 ἤνωξ’,
903 2488 1001 2553 ὅτι
1046 2488 1145 2567 ῥα,
1188 2488 1439 2553 κλειτὰς
1482 2486 1831 2567 ἑκατόμβας
2048 2566 2051 2571 ,

285 2572 362 2639 ὅς
404 2591 498 2637 τις
539 2572 685 2650 ἄγοι
727 2573 1084 2650 ΤΠυθοῖδε,
1133 2571 1232 2656 βίῃ
1279 2572 1541 2637 ςύλαςκε
1583 2573 1893 2637 δοκεύων.
2106 2581 2213 2635 480
