2507 3935
315 160 404 225 44
1109 160 1451 213 ΗΣῙοΔοΤ

319 317 440 391 οἷδ’
487 325 742 410 ἔρδειν,
787 326 902 392 καὶ
945 327 1190 410 ἔργον
1234 322 1347 392 ἐπ’
1391 326 1600 411 ἔργῳ
1646 323 2101 409 ἐργάζεσθαι.
2226 381 2231 386 .

442 495 790 573 Πληιάδων
833 494 1271 570 Ἀτλαγενέων
1314 493 1867 572 ἐπιτελλομενάων

317 577 580 657 ἄρχεςθ’
620 577 891 657 ἀμήτου,
936 577 1198 658 ἀρότοιο
1243 579 1316 643 δὲ
1358 577 1798 658 δυςομενάων·

319 663 388 728 αἳ
429 663 506 740 δή
551 681 650 726 τοι
693 662 924 728 νύκτας
963 683 1034 726 τε
1075 663 1177 726 καὶ
1217 661 1426 740 ἤματα
1467 662 1933 740 τεςςαράκοντα
2144 672 2249 726 385

317 746 726 827 κεκρύφαται,
771 745 944 811 αὖτις
987 747 1060 810 δὲ
1102 746 1577 825 περιπλομένου
1622 746 1917 811 ἐνιαυτοῦ

319 830 662 909 φαίνονται
703 830 782 894 τὰ
824 833 1050 909 πρῶτα
1092 830 1594 910 χαραςςομένοιο
1639 831 1913 908 ςιδήρου.

320 911 512 978 οὗτός
555 933 652 979 τοι
695 913 937 979 πεδίων
981 914 1238 978 πέλεται
1282 913 1511 992 νόμος,
1556 912 1621 978 οἵ
1658 933 1727 977 τε
1770 913 2080 993 θαλάςςης

321 997 539 1072 ἐγγύθι
582 997 966 1074 ναιετάους’,
1011 996 1077 1061 οἵ
1117 998 1185 1060 τ’
1226 995 1424 1073 ἄγκεα
1468 997 1839 1077 βηςςήεντα,

317 1080 566 1145 πόντου
610 1080 1028 1160 κυμαίνοντος
1071 1081 1427 1160 ἀπόπροθι,
1471 1081 1667 1146 πίονα
1710 1083 1930 1160 χῶρον
2143 1089 2246 1144 390

318 1165 621 1230 ναίουςιν.
704 1159 952 1243 γυμνὸν
995 1164 1302 1245 ςπείρειν,
1346 1165 1589 1244 γυμνὸν
1634 1165 1706 1229 δὲ
1750 1167 2053 1246 βοωτεῖν,

316 1249 562 1326 γυμνὸν
607 1253 644 1312 δ
668 1248 686 1273 '
728 1247 986 1327 ἀμάειν,
1031 1247 1090 1314 εἴ
1129 1250 1199 1328 χ’
1245 1248 1409 1327 ὥρια
1451 1248 1649 1313 πάντ’
1692 1248 1994 1332 ἐθέλῃςθα

319 1331 476 1410 ἔργα
516 1330 868 1409 κομίζεςθαι
910 1332 1325 1412 Δημήτερος,
1370 1331 1461 1396 ὥς
1503 1351 1604 1396 τοι
1647 1332 1874 1396 ἕκαςτα

323 1415 470 1492 ὥρι’
515 1414 793 1494 ἀέξηται,
838 1416 919 1493 μή
964 1435 1105 1479 πως
1148 1415 1228 1479 τὰ
1271 1416 1496 1493 μέταζε
1538 1415 1816 1493 χατίζων

319 1499 611 1583 πτώςςῃς
653 1498 1030 1577 ἀλλοτρίους
1075 1498 1294 1564 οἴκους
1336 1500 1438 1563 καὶ
1479 1501 1673 1580 μηδὲν
1718 1499 2001 1584 ἀνύςςῃς.
2142 1509 2241 1561 395

447 1581 536 1650 ὡς
563 1583 666 1648 καὶ
693 1586 813 1649 νῦν
843 1582 956 1647 ἐπ’
986 1583 1091 1662 ἔμ’
1117 1582 1330 1662 ἦλθες·
1374 1583 1503 1659 ἐγὼ
1546 1584 1618 1648 δέ
1648 1603 1747 1647 τοι
1777 1583 1894 1647 οὐκ
1922 1583 2237 1660 ἐπιδώςω,

321 1667 473 1730 οὐδ’
514 1666 933 1746 ἑπιμετρήςω·
977 1665 1275 1746 ἐργάζευ,
1318 1668 1504 1745 νήπιε
1546 1667 1791 1746 Πέρςη,

318 1749 506 1829 ἔργα,
549 1749 628 1814 τά
669 1751 734 1814 τ’
778 1749 1167 1828 ἀνθρώποιςι
1209 1751 1346 1815 θεοὶ
1388 1752 1898 1829 διετεκμήραντο,

319 1834 399 1910 μή
446 1853 605 1897 ποτε
650 1833 762 1898 ςὺν
807 1833 1086 1896 παίδεςςι
1127 1834 1375 1911 γυναικί
1417 1855 1486 1899 τε
1530 1836 1729 1912 θυμὸν
1772 1831 2022 1910 ἀχεύων

317 1915 578 2001 ζητεύῃς
623 1916 840 1997 βίοτον
885 1917 1044 1981 κατὰ
1084 1917 1411 1994 γείτονας,
1458 1917 1523 1982 οἳ
1565 1920 1636 1982 δ’
1678 1917 1963 1996 ἀμελῶςι.
2134 1925 2241 1979 400

315 2002 412 2066 δὶς
454 2002 570 2080 μὲν
611 2001 737 2080 γὰρ
778 2002 878 2067 καὶ
918 2002 1051 2081 τρὶς
1091 2001 1257 2081 τάχα
1296 2002 1572 2068 τεύξεαι·
1632 2003 1711 2080 ἢν
1756 2003 1821 2065 δ’
1864 2001 1957 2065 ἔτι
1997 2002 2239 2085 λυπῇς,

317 2087 526 2164 χρῆμα
569 2086 682 2163 μὲν
729 2084 808 2150 οὐ
841 2086 1125 2165 πρήξεις,
1173 2086 1244 2148 ςὺ
1276 2086 1345 2149 δ’
1373 2087 1599 2150 ἐτώςια
1626 2086 1824 2151 πόλλ’
1854 2084 2239 2164 ἀγορεύςεις,

317 2169 576 2248 ἀχρεῖος
620 2170 690 2234 δ’
730 2168 900 2234 ἔςται
941 2170 1156 2235 ἐπέων
1200 2169 1416 2248 νομός.
1474 2169 1638 2235 ἀλλά
1681 2170 1746 2233 c'
1790 2167 2014 2245 ἄνωγα

316 2252 661 2332 φράζεςθαι
701 2256 935 2332 χρειῶν
978 2274 1047 2317 τε
1090 2253 1265 2319 λύςιν
1311 2255 1495 2332 λιμοῦ
1534 2255 1601 2318 τ’
1645 2253 1963 2333 ἀλεωρήν.

431 2334 614 2399 οἶκον
644 2336 758 2416 μὲν
788 2338 1105 2414 πρώτιςτα
1133 2338 1402 2412 γυναῖκά
1428 2357 1497 2402 τε
1528 2340 1686 2417 βοῦν
1715 2338 1783 2401 τξ
1804 2336 2109 2417 ἀροτῆρα,
2138 2346 2239 2399 405

315 2419 602 2499 χρήματα
644 2420 714 2484 δ’
741 2418 834 2485 εἰν
880 2418 1038 2503 οἴκῳ
1082 2420 1281 2488 πάντ’
1310 2419 1553 2501 ἄρμενα
1594 2419 1995 2500 ποιήςαςθαι,
2138 2432 2239 2483 407

315 2503 396 2581 μὴ
442 2504 514 2567 ςῦ
557 2503 672 2584 μὲν
717 2503 890 2588 αἰτῇς
933 2502 1169 2583 ἄλλον,
1215 2504 1255 2569 ὃ
1299 2506 1367 2569 δ’
1397 2505 1808 2583 ἀρνῆται,ςύ
1853 2507 1926 2570 δὲ
1967 2509 2153 2589 τητᾷ,

313 2587 353 2665 ἡ
398 2587 466 2650 δ’
512 2586 648 2666 ὥρη
692 2587 1177 2669 παραμείβηται,
1221 2588 1445 2672 μινύθῃ
1490 2590 1560 2653 δέ
1588 2609 1689 2655 τοι
1733 2588 1945 2667 ἔργον.

315 2672 470 2749 μηδ’
514 2671 976 2751 ἀναβάλλεςθαι
1019 2673 1087 2739 ἔς
1127 2674 1192 2737 τ’
1235 2672 1462 2752 αὔριον
1508 2673 1575 2738 ἔς
1616 2674 1682 2737 τ’
1725 2671 2026 2753 ἔννηφιν·
2138 2680 2239 2733 410

315 2754 397 2818 ού
439 2756 562 2835 γὰρ
604 2755 1025 2836 ἑτωςιοεργὸς
1066 2755 1231 2835 ἀνὴρ
1274 2756 1648 2835 πίμπληςι
1690 2758 2007 2837 καλιήν,

321 2844 369 2917 ᾖ
398 2838 545 2904 οὐδ’
589 2837 1136 2919 ἀναβαλλόμενος·
1180 2840 1405 2920 μελέτη
1449 2841 1521 2904 δέ
1564 2859 1665 2903 τοι
1706 2840 1901 2919 ἔργον
1945 2840 2239 2921 ὀφέλλει·

315 2928 365 3003 (ο
390 2922 510 2989 αἰεὶ
550 2922 619 2988 δ’
662 2921 1081 3004 ἀμβολιεργὸς
1124 2921 1288 3002 ἀνὴρ
1332 2921 1508 3007 ἄτῃςι
1551 2924 1818 2989 παλαίει.

439 3073 600 3156 ἦμος
642 3075 720 3154 δὴ
764 3073 940 3155 λήγει
982 3074 1176 3155 μένος
1219 3073 1407 3141 ὀξέος
1448 3074 1691 3154 ἠελίοιο

316 3266 378 3279 -
417 3234 652 3310 κτητήν,
689 3234 758 3295 οὗ
793 3242 1066 3311 γαμετήν,
1101 3230 1142 3310 ἥ
1175 3259 1263 3303 τις
1296 3240 1397 3294 καὶ
1432 3240 1636 3309 βουσὶν
1672 3236 1884 3309 ἕποιτο,
2139 3242 2241 3295 406

449 3388 502 3423 v.
523 3376 639 3427 382.
673 3374 842 3441 ἔργον
876 3375 937 3429 δέ
969 3375 1035 3428 τ’
1057 3374 1160 3429 ἐπ’
1182 3376 1331 3445 ἔργῳ
1466 3378 1655 3433 v.384.
1692 3375 1911 3443 ἀμητοῦ
2046 3393 2101 3431 v.
2122 3378 2237 3431 392.

314 3434 553 3500 ἀμᾶςθαι
686 3458 740 3495 v.
765 3446 882 3495 394.
920 3443 1128 3510 μεταξὺ
1714 3490 1721 3495 .
2226 3498 2232 3505 ,
2282 3478 2291 3485 ·
