2507 3935
340 193 428 259 20
631 158 658 188 ⁴
933 167 942 176 ’
1132 197 1473 248 ΗΣιοΔοΤ

341 363 462 441 ἤδη
505 362 630 441 γὰρ
675 362 842 442 μάλα
885 363 1084 442 δηρὸν
1129 362 1410 429 ἐναντίοι
1454 362 1778 441 ἀλλήλοιςι

341 447 518 524 νίκης
561 448 664 510 καὶ
705 447 972 526 κράτεος
1015 448 1159 527 πέρι
1202 447 1553 526 μαρνάμεθ’
1596 448 1804 525 ἤματα
1845 450 2058 515 πάντα

343 531 605 608 Τιτῆνές
648 552 717 597 τε
759 533 897 596 θεοὶ
939 533 1040 595 καὶ
1083 531 1224 596 ὅςοι
1270 531 1519 636 Κρόνου
1564 532 1997 610 ἐκγενόμεςθα.

471 614 644 693 ὑμεῖς
688 617 760 680 δὲ
803 615 1080 693 μεγάλην
1123 636 1191 680 τε
1237 615 1376 694 βίην
1421 615 1521 680 καὶ
1562 619 1780 695 χεῖρας
1822 615 2113 682 ἀάπτους

345 699 610 778 φαίνετε
651 699 1006 777 Τιτήνεςςιν
1052 699 1348 764 ἐναντίον
1394 700 1465 766 ἐν
1509 700 1615 763 δαῒ
1658 701 1888 784 λυγρῇ,
2167 710 2271 762 650

345 783 728 861 μνηςάμενοι
772 783 1115 863 φιλότητος
1159 784 1415 860 ἐνηέος,
1460 782 1612 850 ὅςςα
1650 762 1967 848 παθόντες

347 867 415 930 ἐς
459 867 632 946 φάος
675 867 770 944 ἂψ
815 867 1108 946 ἀφίκεςθε
1151 867 1532 943 δυςηλεγέος
1575 866 1707 930 ἀπὸ
1752 869 1983 945 δεςμοῦ

344 950 651 1028 ἡμετέρας
692 951 798 1013 διὰ
841 951 1076 1028 βουλὰς
1119 948 1250 1012 ὑπὸ
1294 949 1505 1029 ζόφου
1547 949 1951 1028 ἠερόεντος.»

475 1033 566 1097 ὧς
611 1032 814 1112 φάτο·
854 1034 971 1097 τὸν
1015 1035 1082 1096 δ’
1111 1035 1353 1100 ἐξαῦτις
1384 1033 1675 1114 ἀμείβετο
1708 1034 1943 1098 Κόττος
1984 1033 2269 1112 ἀμύμων.

347 1116 682 1196 «δαιμόνι’,
725 1116 846 1182 οὐκ
885 1116 1130 1196 ἀδάητα
1154 1117 1570 1197 πιφαύςκεαι,
1615 1117 1780 1182 ἀλλὰ
1807 1119 1918 1182 καὶ
1936 1117 2119 1182 αὐτοὶ
2170 1126 2271 1179 655

344 1199 558 1281 ἴδμεν,
588 1201 624 1251 ¹¹·
655 1200 754 1266 ὅτι
797 1202 943 1282 περὶ
983 1203 1096 1280 μὲν
1140 1201 1484 1282 πραπίδες,
1528 1203 1675 1282 περὶ
1715 1204 1782 1266 δ’
1810 1202 1937 1267 ἐςτὶ
1978 1202 2215 1282 νόημα,

348 1285 583 1363 ἀλκτὴρ
627 1287 696 1349 δ’
738 1285 1141 1351 ἀθανάτοιςιν
1185 1286 1343 1389 ἀρῇ(
1384 1287 1575 1361 γένεο
1617 1291 1945 1365 κρυεροῖο·

351 1375 486 1452 ςῇςι
526 1369 593 1431 δ’
636 1369 1130 1451 ἐπιφροςύνῃςιν
1171 1368 1305 1431 ὑπὸ
1346 1369 1557 1448 ζόφου
1599 1369 1943 1447 ἠερόεντος

347 1432 650 1530 ἄψορρον
687 1452 721 1502 ‘¹'
751 1453 818 1516 δ’
847 1451 1091 1518 ἐξαῦτις
1131 1451 1505 1530 ἀμειλίκτων
1548 1451 1678 1515 ὑπὸ
1722 1455 1969 1530 δεςμῶν

345 1535 701 1614 ἠλύθομεν,
749 1534 1000 1614 Κρόνου
1029 1535 1136 1600 υἱὲ
1178 1535 1369 1613 ἄναξ,
1414 1534 1741 1603 ἀνάελπτα
1782 1535 2112 1600 παθόντες.
2166 1543 2271 1596 666

347 1625 442 1702 τῷ
489 1620 590 1684 καὶ
631 1623 754 1685 νυν
799 1617 1008 1684 ἀτενεῖ
1047 1641 1118 1684 τε
1159 1620 1298 1701 νόῳ
1342 1621 1443 1685 καὶ
1487 1619 1791 1700 ἐπίφρονι
1834 1623 2031 1704 βουλῇ

350 1703 666 1782 ῥυςόμεθα
706 1704 938 1782 κράτος
979 1704 1142 1781 ὑμὸν
1186 1705 1259 1768 ἐν
1302 1703 1446 1786 αἰνῇ
1490 1709 1798 1780 δηιοτῆτι,

351 1787 746 1865 μαρνάμενοι
788 1787 1032 1862 Τιτῆςιν
1075 1785 1202 1850 ἀνὰ
1243 1787 1551 1864 κρατερὰς
1594 1785 1899 1864 ὑςμίνας.

479 1867 569 1932 ὧς
605 1869 786 1949 φάτ’.
828 1870 1150 1952 ἐπῄνηςαν
1195 1871 1267 1932 δὲ
1309 1870 1445 1934 θεοὶ
1487 1873 1769 1948 δωτῆρες
1812 1869 2019 1946 ἐάων,

348 1956 551 2033 μῦθον
596 1931 1006 2020 ἀκούςαντες·
1048 1953 1334 2032 πολέμου
1378 1955 1444 2018 δ’
1486 1953 1795 2019 ἐλιλαίετο
1839 1953 2034 2031 θυμὸς
2164 1960 2266 2014 665

349 2040 595 2117 μᾶλλον
623 2037 742 2113 ἔτ’,
785 2038 824 2114 ἢ
855 2037 929 2101 τὸ
960 2037 1255 2117 πάροιθε·
1300 2038 1507 2116 μάχην
1536 2040 1603 2102 δ
1634 2037 1993 2142 ἀμέγαρτον
2021 2036 2272 2115 ἔγειραν

351 2122 622 2200 πάντες,
663 2121 907 2199 θήλειαί
947 2142 1015 2187 τε
1057 2122 1159 2188 καὶ
1201 2120 1495 2201 ἄρςενες,
1538 2122 1723 2200 ἤματι
1764 2122 1984 2205 κείνῳ,

351 2207 613 2282 Τιτῆνές
654 2226 724 2269 τε
767 2207 903 2270 θεοὶ
943 2207 1044 2270 καὶ
1087 2205 1228 2270 ὅςοι
1274 2206 1522 2285 Κρόνου
1565 2206 1971 2283 ἐξεγένοντο,

354 2289 473 2352 οὕς
516 2310 586 2353 τε
627 2288 795 2351 Ζεὺς
838 2290 1243 2370 Ἐρέβευςφιν
1288 2289 1418 2353 ὑπὸ
1462 2291 1700 2367 χθονὸς
1743 2288 1856 2367 ἧκε
1898 2288 2189 2369 φόωςδε,

351 2373 552 2437 δεινοί
591 2392 660 2435 τε
703 2373 998 2451 κρατεροί
1037 2393 1138 2450 τε,
1183 2372 1323 2451 βίην
1366 2372 1739 2451 ὑπέροπλον
1784 2372 2074 2451 ἔχοντες·
2171 2382 2276 2434 676

350 2460 485 2521 τῶν
530 2456 756 2520 ἑκατὸν
801 2457 916 2534 μὲν
945 2458 1152 2535 χεῖρες
1196 2455 1317 2519 ἀπ’
1364 2456 1558 2534 ὤμων
1603 2455 1895 2521 ἀίςςοντο

354 2544 539 2605 πᾶςιν
586 2540 793 2618 ὁμῶς,
837 2541 1110 2619 κεφαλαὶ
1151 2542 1223 2603 δὲ
1268 2538 1507 2623 ἑκάςτω
1551 2541 1949 2617 πεντήκοντα

354 2625 424 2691 ἐξ
467 2622 662 2702 ὤμων
709 2623 1040 2704 ἐπέφυκον
1083 2623 1187 2687 ἐπι
1230 2626 1568 2703 ςτιβαροῖςι
1609 2624 1911 2703 μέλεςςιν.

482 2708 548 2771 οἳ
590 2707 736 2772 τότε
779 2708 1099 2785 Τιτηνεςςι
1140 2708 1511 2773 κατέςταθεν
1558 2708 1628 2773 ἐν
1672 2708 1781 2772 δαῒ
1822 2710 2055 2791 λυγρῇ,

354 2792 590 2870 πέτρας
634 2790 977 2869 ἠλιβάτους
1021 2794 1336 2871 ςτιβαραῖς
1380 2792 1452 2856 ἐν
1495 2791 1704 2870 χερςὶν
1748 2771 2027 2870 ἔχοντες.
2174 2802 2277 2854 675

480 2876 740 2952 Τιτῆνες
784 2875 846 2937 δ
891 2874 1210 2953 ἑτέρωθεν
1244 2875 1675 2952 ἐκαρτύναντο
1720 2877 2058 2955 φάλαγγας

353 2959 818 3040 προφρονέως,
865 2962 1099 3037 χειρῶν
1141 2978 1211 3023 τε
1256 2958 1389 3037 βίης
1433 2959 1500 3022 θ’
1530 2957 1657 3035 ἅμα
1700 2958 1895 3037 ἔργον
1940 2960 2213 3040 ἔφαινον

354 3042 726 3123 ἀμφότεροι.
770 3042 987 3108 δεινὸν
1031 3043 1103 3107 δὲ
1144 3042 1411 3121 περίαχε
1453 3042 1695 3107 πόντος
1738 3041 2049 3121 ἀπείρων,

351 3130 432 3203 γῆ
478 3129 550 3192 δὲ
593 3127 740 3205 μέγ’
785 3125 1244 3205 ἐςμαράγηςεν,
1291 3126 1585 3191 ἐπέςτενε
1628 3127 1693 3190 δ’
1736 3126 2015 3204 οὐρανὸς
2058 3126 2251 3206 εὐρὺς

354 3209 712 3287 ςειόμενος,
751 3209 1028 3275 πεδόθεν
1057 3211 1124 3273 δ’
1153 3210 1509 3275 ἑτινάςςετο
1538 3210 1777 3287 μακρὸς
1804 3210 2133 3290 Ὄλυμπος
2174 3220 2279 3273 680

356 3290 505 3374 ῥιπῇ
547 3292 668 3355 ὕπ’
712 3292 1081 3359 ἀθανάτων·
1126 3293 1334 3359 ἔνοςις
1376 3297 1413 3358 δ
1432 3295 1447 3318 ²
1488 3293 1667 3358 ἵκανε
1712 3297 1935 3373 βαρεῖα

489 3490 541 3527 v.
575 3478 690 3528 650.
725 3476 966 3531 ἐναντίοι
