2507 3935
328 199 414 264 22
1120 202 1458 255 ΗΣιοΔοΤ

331 367 396 429 οἵ
438 366 519 443 ῥα
561 366 910 445 τριηκοςίας
955 369 1190 446 πέτρας
1234 371 1545 447 ςτιβαρῶν
1588 369 1719 433 ἀπὸ
1766 374 1997 449 χειρῶν
2154 379 2255 432 715

329 451 585 529 πέμπον
617 450 1068 530 ἑπαςςυτέρας,
1113 453 1271 515 κατὰ
1315 454 1379 514 δ’
1424 452 1709 517 έςκίαςαν
1760 456 2031 531 βελέεςςι

328 534 628 611 Τιτῆνας,
673 535 774 598 καὶ
817 537 968 598 τούς
1011 538 1124 613 μὲν
1171 537 1301 599 ὑπὸ
1347 537 1585 615 χθονὸς
1628 536 1995 615 εὐρυοδείης

328 619 591 695 πέμψαν
635 620 735 682 καὶ
778 623 1087 696 δεςμοῖςιν
1134 619 1205 683 ἐν
1251 618 1651 698 ἀργαλέοιςιν
1695 619 1946 697 ἔδηςαν,

329 700 726 782 νικήσαντες
769 701 1000 783 χερσὶν
1042 698 1488 785 ὑπερθύμους
1530 724 1656 784 περ
1690 703 1944 778 ἐόντας,

327 785 554 851 τόςςον
598 786 811 864 ἔνερθ’
839 784 968 848 ὐπὸ
1009 789 1154 863 γῆς,
1201 785 1356 850 ὅςον
1398 787 1677 864 οὐρανός
1707 787 1833 849 έςτ’
1865 785 1995 850 ἀπὸ
2034 786 2246 864 γαίης·

326 866 468 932 ἷςον
513 869 635 947 γάρ
678 870 741 931 τ’
787 869 916 932 ἀπὸ
959 873 1076 945 γῆς
1122 868 1188 931 ἐς
1230 869 1564 948 Τάρταρον
1607 869 1931 948 ἠερόεντα.
2144 879 2245 930 720

454 1035 644 1099 ἐννέα
684 1035 808 1113 γὰρ
853 1034 1083 1099 νύκτας
1125 1056 1193 1099 τε
1237 1037 1340 1099 καὶ
1381 1036 1585 1115 ἤματα
1629 1036 1896 1114 χάλκεος
1940 1037 2159 1114 ἄκμων

324 1118 682 1197 οὐρανόθεν
727 1120 961 1184 κατιὼν
1005 1119 1231 1203 δεκάτῃ
1278 1122 1344 1184 δ’
1374 1121 1440 1184 ἐς
1482 1123 1671 1196 γαῖαν
1714 1119 1945 1184 ἵκοιτο·

327 1203 520 1269 ἐννέα
564 1204 629 1266 δ’
675 1201 755 1265 αὐ
799 1203 1030 1266 νύκτας
1075 1224 1143 1267 τε
1188 1205 1290 1268 καὶ
1330 1205 1537 1283 ἤματα
1578 1205 1845 1282 χάλκεος
1890 1203 2108 1283 ἄκμων

327 1287 398 1350 ἐκ
437 1287 619 1363 γαίης
660 1289 894 1351 κατιὼν
940 1287 1167 1368 δεκάτῃ
1212 1289 1284 1349 δ’
1328 1289 1393 1350 ἐς
1437 1289 1721 1366 Τάρταρ’
1760 1287 1979 1351 ἵκοιτο.
2150 1297 2250 1348 725

325 1453 440 1517 τὸν
484 1453 628 1531 πέρι
671 1452 945 1531 χάλκεον
992 1451 1176 1530 ἕρκος
1223 1453 1550 1530 ἐλήλαται,
1595 1453 1755 1532 ἀμφὶ
1797 1454 1869 1518 δέ
1911 1474 2012 1532 μιν
2050 1454 2165 1520 νὺξ

325 1537 655 1615 τριςτοιχεὶ
696 1537 950 1613 κέχυται
992 1538 1135 1614 περὶ
1179 1538 1421 1614 δειρήν·
1466 1537 1668 1614 αὐτὰρ
1713 1537 1946 1616 ὕπερθε

325 1624 442 1698 γῆς
487 1620 648 1697 ῥίζαι
690 1620 970 1698 πεφύαςι
1011 1621 1112 1682 καὶ
1156 1619 1528 1698 ἀτρυγέτοιο
1573 1621 1895 1700 θαλάςςης.

455 1788 611 1852 ἔνθα
653 1786 788 1851 θεοὶ
831 1788 1090 1864 Τιτῆνες
1135 1787 1264 1850 ὑπὸ
1309 1788 1495 1870 ζόφῳ
1539 1762 1827 1864 ἠερόεντι

325 1871 715 1950 κεκρύφαται
759 1874 1015 1954 βουλῇςι
1059 1872 1221 1939 Διὸς
1265 1871 1801 1950 νεφεληγερέταο·
2148 1879 2251 1930 730

325 2040 522 2125 χώρῳ
566 2040 637 2103 έν
686 2038 1022 2118 εὐρώεντι,
1070 2040 1365 2118 πελώρης
1411 2039 1641 2118 ἔςχατα
1682 2038 1877 2116 γαίης.

325 2210 461 2271 τοῖς
505 2206 624 2270 οὐκ
668 2207 870 2272 ἐξιτόν
915 2207 1068 2272 ἐςτι·
1113 2206 1309 2284 θύρας
1354 2208 1421 2270 δ’
1466 2207 1732 2285 ἐπέθηκε
1775 2207 2108 2271 Ποςειδῶν

325 2291 654 2368 χαλκείας,
698 2293 910 2366 τεῖχος
943 2292 1027 2353 ,δὲ
1071 2290 1434 2367 περοίχεται
1478 2290 1970 2369 ἀμφοτέρωθεν·

325 2373 480 2437 ἔνθα
525 2371 719 2449 Γύγης
767 2372 1002 2434 Κόττος
1042 2392 1111 2435 τε
1156 2373 1256 2434 καὶ
1286 2372 1321 2421 †
1354 2372 1391 2434 ὁ
1438 2373 1756 2451 Βριάρεως
1800 2374 2157 2453 μεγάθυμος

325 2456 638 2532 ναίουςιν,
686 2455 970 2534 φύλακες
1013 2456 1219 2521 πιςτοὶ
1262 2455 1427 2519 Διὸς
1471 2455 1799 2534 αἰγιόχοιο.
2152 2468 2251 2521 735

455 2624 610 2689 ἔνθα
653 2624 724 2687 δὲ
770 2626 886 2699 γῆς
930 2627 1259 2704 δνοφερῆς
1303 2624 1781 2703 καὶ·Ταρτάρου
1810 2622 2157 2703 ἠερόεντος

326 2707 576 2773 πόντου
620 2708 683 2769 τ’
729 2706 1102 2784 ἀτρυγέτοιο
1149 2708 1249 2771 καὶ
1294 2708 1581 2785 οὐρανοῦ
1628 2708 2042 2787 ἀςτερόεντος

327 2792 526 2869 ἑξείης
568 2791 836 2857 πάντων
881 2791 1076 2868 πηγαὶ
1119 2792 1220 2853 καὶ
1264 2792 1515 2870 πείρατ’
1560 2792 1763 2869 ἔαςιν,

327 2875 612 2954 ἀργαλέ’,
659 2874 1014 2953 εὐρώεντα,
1056 2874 1137 2937 τά
1179 2893 1247 2939 τε
1293 2876 1615 2950 ςτυγέουςι
1657 2875 1794 2939 θεοί
1835 2896 1985 2955 περ·

326 3043 531 3121 χάςμα
559 3043 730 3122 μέγ’·
763 3042 916 3106 οὐδέ
945 3064 1014 3107 κε
1044 3043 1253 3107 πάντα
1282 3042 1677 3121 τελεςφόρον
1710 3042 1797 3107 εἰς
1826 3042 2121 3109 ἐνιαυτὸν
2152 3054 2257 3105 740

329 3124 524 3190 οὐδας
569 3126 782 3204 ἵκοιτ’,
829 3127 882 3190 εἰ
923 3131 1150 3206 πρῶτα
1192 3128 1454 3191 πυλέων
1500 3126 1757 3191 ἔντοςθε
1799 3129 2091 3206 γένοιτο,

328 3206 491 3271 ἀλλά
533 3230 642 3274 κεν
687 3208 840 3275 ἔνθα
881 3212 983 3273 καὶ
1025 3210 1178 3275 ἔνθα
1221 3212 1426 3290 φέροι,
1457 3211 1585 3288 πρὸ
1630 3210 1864 3273 θύελλα
1906 3214 2138 3295 θυέλλῃ

461 3424 514 3457 v.
551 3412 682 3471 7252
705 3410 1000 3477 Τάρταρον
1033 3411 1146 3465 ἵκοι
1284 3429 1337 3467 v.
1377 3411 1666 3466 730..Διὸς
1694 3412 1961 3478 ,μεγάλοιο
1996 3412 2151 3479 ἕκητι

328 3487 382 3525 v.
418 3476 533 3525 732.
572 3474 848 3527 πύλας“δ’
883 3480 1122 3547 ἐπέθηκε
