2507 3935
989 203 1381 257 ΘΕοΡοΝτΑ.
2062 207 2150 273 25

357 367 514 434 ἔνθα
554 370 626 436 δὲ
655 369 1002 450 μαρμάρεαί
1043 393 1111 437 τε
1153 371 1349 436 πύλαι
1376 371 1477 436 καὶ
1507 373 1775 452 χάλκεος
1799 363 2002 438 ὀὐδὸς
2045 380 2145 435 311

229 449 588 534 ἀςτεμφής,
634 453 826 538 ῥίζῃςι
867 457 1281 532 διηνεκέεςςιν
1327 455 1611 536 ἀρηρώς,
1868 469 1871 472 ’

230 535 595 615 αὐτοφυής·
639 539 917 616 πρόςθεν
960 542 1031 604 δὲ
1073 544 1242 604 θεῶν
1286 539 1582 605 ἔκτοςθεν
1627 540 1931 606 ἁπάντων

231 619 490 696 Τιτῆνες
533 621 806 698 ναίουςι,
861 624 1067 702 πέρην
1113 624 1317 688 Χάεος
1358 627 1691 703 ζοφεροῖο.

229 703 430 782 αὐτὰρ
473 705 917 784 ἑριςμαράγοιο
961 707 1122 772 Διὸς
1166 709 1399 773 κλειτοὶ
1442 708 1769 786 ἐπίκουροι
2044 717 2145 770 815

230 787 489 865 δώματα
532 791 930 857 ναιετάουςιν
969 792 1082 856 ἐπ’
1125 791 1460 857 Ὠκεανοῖο
1501 793 1856 870 θεμέθλοις,

234 869 468 935 Κόττος
509 874 574 936 τ’
616 873 729 950 ἠδὲ
776 874 986 953 Γύγης.
1045 875 1371 954 Βριάρεών
1412 895 1486 951 γε
1529 877 1643 954 μὲν
1686 875 1805 952 ἠὺν
1850 875 2043 942 ἐόντα

230 957 516 1034 γαμβρὸν
561 956 672 1022 ἑὸν
715 957 936 1037 ποίηςε
981 959 1380 1038 βαρύκτυπος
1422 959 1877 1036 Ἐννοςίγαιος,

230 1041 396 1102 δῶκε
435 1041 509 1105 δὲ
557 1041 994 1119 Κυμοπόλειαν
1039 1043 1321 1120 ὀπυίειν,
1365 1044 1679 1122 θυγατέρα
1720 1043 1815 1122 ἦν.

357 1123 556 1204 αὐτὰρ
585 1124 722 1188 ἐπεὶ
751 1127 1019 1204 Τιτῆνας
1049 1127 1166 1192 ἀπ’
1198 1129 1484 1206 οὐρανοῦ
1512 1127 1764 1193 ἑξέλαςε
1794 1125 1989 1204 Ζεύς,
2042 1134 2147 1187 82⁰

231 1205 593 1272 ὁπλότατον
636 1209 778 1272 τέκε
819 1213 1018 1273 παῖδα
1060 1213 1344 1290 Τυφωέα
1387 1212 1538 1274 Γαῖα
1578 1212 1836 1288 πελώρη

232 1290 562 1370 Ταρτάρου
603 1292 678 1359 ἐν
722 1292 1011 1372 φιλότητι
1054 1295 1158 1359 διὰ
1199 1294 1469 1374 χρυςέην
1513 1293 1922 1373 Ἀφροδίτην·

232 1371 310 1437 οὗ
353 1379 558 1454 χεῖρες
601 1377 714 1454 μὲν
759 1377 931 1442 ἔαςιν
971 1378 1085 1442 ἐπ’
1129 1377 1291 1458 ἰςχύι
1330 1377 1595 1457 ἔργματ’
1638 1376 1896 1456 ἔχουςαι

228 1459 328 1520 καὶ
371 1459 569 1524 πόδες
611 1459 917 1539 ἀκάματοι
959 1467 1270 1541 κρατεροῦ
1314 1465 1497 1526 θεοῦ·
1542 1461 1613 1525 ἐκ
1656 1461 1727 1525 δέ
1770 1460 1832 1524 οἱ
1866 1459 2062 1540 ὤμων

225 1539 306 1619 ἦν
354 1542 583 1608 ἑκατὸν
625 1544 898 1622 κεφαλαὶ
941 1543 1133 1623 ὄφιος
1146 1593 1163 1622 ,
1207 1549 1450 1610 δεινοῖο
1492 1545 1845 1624 δράκοντος
1859 1592 1876 1621 ,
2042 1553 2145 1605 825

228 1631 274 1703 Ε
302 1627 612 1709 γλώςςῃςι
652 1630 1000 1710 δνοφερῇςι
1044 1629 1465 1708 λελειχμότες·
1510 1627 1579 1692 ἐκ
1620 1629 1693 1692 δέ
1738 1627 1800 1692 οἱ
1842 1625 2047 1692 ὄςςων

229 1715 274 1787 Ε
301 1711 627 1793 θεςπεςίῃς
670 1713 1016 1794 κεφαλῇςιν
1055 1711 1173 1775 ὑπ’
1219 1712 1453 1792 ὀφρύςι
1494 1714 1623 1790 πῦρ
1666 1710 1975 1789 ἀμάρυςςε
1996 1729 2011 1745 ·

233 1801 281 1872 D
312 1794 573 1858 παςέων
615 1795 684 1858 δ’
727 1793 797 1856 ἐκ
839 1795 1178 1875 κεφαλέων
1220 1799 1350 1874 πῦρ
1392 1795 1603 1860 καίετο
1648 1795 2077 1874 δερκομένοιο.

356 1879 573 1957 φωναὶ
615 1878 682 1942 δ’
723 1878 798 1942 ἐν
842 1879 1107 1958 πάςηςιν
1151 1879 1302 1944 ἔςαν
1346 1885 1557 1963 δεινῇς
1599 1881 1904 1963 κεφαλῇςι

225 1962 541 2042 παντοίην
585 1961 706 2027 ὄπ’
749 1961 926 2027 ἱεῖςαι
969 1942 1362 2045 ἆθέςφατον·
1406 1963 1639 2029 ἄλλοτε
1680 1964 1798 2042 μὲν
1825 1963 1949 2042 γὰρ
2044 1972 2152 2023 830

227 2048 604 2128 φθέγγονθ’,
647 2046 740 2110 ὥς
779 2066 851 2109 τε
894 2050 1089 2111 θεοῖςι
1132 2048 1447 2126 ςυνιέμεν,
1492 2048 1725 2112 ἄλλοτε
1767 2049 1834 2110 δ’
1865 2046 2017 2110 αὖτε

226 2132 470 2210 ταύρου
514 2131 891 2210 ἐριβρύχεω,
936 2132 1130 2208 μένος
1173 2130 1444 2210 ἄςχετον
1489 2130 1679 2193 ὄςςαν
1723 2128 2041 2206 ἀγαύρου,

227 2216 462 2281 ἄλλοτε
505 2216 572 2279 δ’
619 2213 770 2278 αὖτε·
814 2214 1079 2279 λέοντος
1123 2214 1387 2278 ἀναιδέα
1430 2213 1631 2291 θυμὸν
1676 2212 1979 2291 ἔχοντος,

227 2300 460 2363 ἄλλοτε
505 2300 572 2363 δ’
617 2297 699 2361 αὖ
742 2298 1136 2363 ςκυλάκεςςιν
1180 2297 1465 2373 ἐοικότα,
1512 2297 1779 2376 θαύματ’
1807 2295 2093 2360 ἀκοῦςαι·

227 2384 458 2448 ἄλλοτε
501 2383 568 2445 δ’
597 2380 678 2445 αὖ
710 2380 1006 2461 ροίζεςχ’,
1049 2380 1180 2447 ὑπὸ
1209 2383 1281 2445 δ’
1308 2382 1496 2460 ἤχεεν
1541 2381 1739 2461 οὔρεα
1782 2380 2001 2460 μακρά.
2047 2389 2147 2441 835

353 2467 455 2530 καὶ
497 2464 576 2529 νύ
620 2484 729 2529 κεν
775 2464 1004 2530 ἔπλετο
1047 2465 1244 2545 ἔργον
1288 2465 1618 2544 ἀμήχανον
1661 2465 1845 2543 ἤματι
1886 2463 2106 2547 κείνῳ,

227 2551 330 2615 καί
372 2571 483 2615 κεν
527 2548 565 2613 ὅ
605 2570 681 2625 γε
724 2552 1001 2627 θνητοῖςι
1039 2550 1143 2613 καὶ
1186 2548 1588 2613 ἀθανάτοιςιν
1632 2548 1897 2622 ἄναξεν,

229 2634 286 2701 εἰ
325 2637 406 2714 μὴ
451 2633 561 2713 ἄρ’
593 2632 708 2699 ὀξὺ
750 2634 943 2712 νόηςε
983 2633 1193 2710 πατὴρ
1235 2631 1496 2709 ἀνδρῶν
1540 2650 1608 2693 τε
1650 2632 1821 2692 θεῶν
1864 2646 1961 2693 τε·

227 2718 500 2796 ςκληρόν
545 2717 612 2781 δ’
641 2716 982 2795 ἐβρόντηςε
1025 2716 1127 2778 καὶ
1168 2712 1505 2795 ὄμβριμον·
1548 2712 1711 2791 ἀμφὶ
1752 2713 1823 2776 δὲ
1864 2712 2015 2787 γαῖα

227 2802 618 2881 ςμερδαλὲον
659 2800 973 2881 κονάβηςε
1014 2798 1114 2863 καὶ
1158 2797 1438 2876 οὐρανὸς
1478 2796 1668 2877 εὐρὺς
1711 2796 1947 2875 ὕπερθε
2044 2804 2151 2857 810

223 2886 469 2950 πόντος
511 2885 576 2947 τ’
617 2882 942 2949 Ὠκεανοῦ
982 2902 1052 2947 τε
1095 2882 1241 2962 ῥοαὶ
1284 2882 1385 2947 καὶ
1428 2882 1721 2961 Τάρταρα
1762 2879 1969 2957 γαίης·

225 2969 411 3033 ποςςὶ
453 2968 522 3032 δ’
565 2967 685 3032 ὑπ’
729 2968 1094 3033 ἀθανάτοιςι
1135 2968 1330 3045 μέγας
1373 2965 1722 3045 πελεμίζετ’
1765 2964 2107 3041 Ὄλυμπος

227 3052 617 3131 ὀρνυμένοιο
661 3051 963 3127 ἄνακτος,
1007 3050 1444 3126 ἑπεςτενάχιζε
1486 3050 1558 3111 δὲ
1598 3050 1763 3121 γαῖα.

354 3139 564 3213 καῦμα
606 3136 673 3198 δ’
717 3134 806 3199 ὑπ
823 3135 840 3159 '
885 3131 1275 3213 ἀμφοτέρων
1318 3130 1583 3207 κάτεχεν
1626 3128 1861 3191 ἰοειδέα
1901 3126 2149 3193 πόντον

225 3223 503 3299 βροντῆς
548 3238 617 3283 τε
661 3220 971 3297 ςτεροπῆς
1013 3235 1082 3280 τε
1125 3212 1333 3292 πυρός
1373 3213 1437 3275 τ’
1470 3211 1600 3275 ἀπὸ
1642 3213 1785 3274 τοῖο
1828 3210 2149 3289 πελώρου,

221 3302 916 3387 πρηςτήρωναάνέμων
960 3319 1030 3365 τε
1073 3300 1388 3379 κεραυνοῦ
1432 3316 1501 3361 τε
1544 3294 2009 3375 φλεγέθοντος·
2048 3303 2151 3356 826

362 3506 418 3545 v.
453 3490 572 3541 811.
609 3484 800 3539 λάινος
834 3483 1004 3537 οὐδὸς
