2507 3935
859 219 1052 272 ΕΡΓΑ
1085 219 1213 271 ΚΑΙ
1248 219 1550 273 HMEPAI.
2086 217 2171 284 45

253 388 566 467 καύματος
607 385 929 464 ἰδαλίμου,
973 386 1420 465 μετοπωρινὸν
1466 384 1901 465 ὀμβρήςαντος
2070 395 2171 448 415

256 473 464 551 Ζηνὸς
505 472 886 551 ἑριςθενὲος,
931 471 1086 548 μετὰ
1128 471 1200 535 δὲ
1241 470 1535 548 τρέπεται
1580 471 1841 550 βρότεος
1886 470 2057 550 χρὼς

256 557 500 622 πολλὸν
545 555 1012 636 ἐλαφρότερος·
1041 590 1128 602 --
1156 554 1234 632 δὴ
1279 555 1402 633 γὰρ
1445 554 1592 619 τότε
1636 554 1873 632 (Σείριος
1917 554 2107 633 ἀςτὴρ

256 641 434 720 βαιὸν
479 638 640 719 ὑπὲρ
683 640 971 717 κεφαλῆς,
1011 636 1447 718 κηριτρεφέων
1493 636 1858 718 ἀνθρώπων

257 723 499 802 ἔρχεται
541 722 832 801 ἠμάτΐος,
877 723 1102 785 πλεῖον
1147 722 1219 787 δέ
1262 740 1331 786 τε
1374 722 1602 787 νυκτὸς
1646 722 1935 801 ἐπαυρεῖ·
1978 757 2064 771 -

257 813 446 886 τῆμος
489 805 878 886 ἀδηκτοτάτη
923 806 1182 871 πέλεται
1221 808 1515 883 τμηθεῖςα
1559 807 1789 888 ςιδήρῳ
1954 839 1959 844 -
2070 805 2175 868 420

258 890 412 970 ὕλη,
457 891 676 972 φύλλα
719 887 787 953 δ’
833 889 1016 968 ἔραζε
1059 889 1188 968 χέει
1231 887 1541 967 πτόρθοιό
1584 909 1654 955 τε
1698 891 1903 968 λήγει·

255 980 449 1054 τήμος
492 974 603 1053 ἄρ’
646 973 984 1051 ὑλοτομεῖν
1028 973 1423 1051 μεμνημένος
1469 971 1669 1052 ὥριον
1712 972 1923 1052 ἔργον.

383 1057 584 1136 ὅλμον
613 1059 728 1138 μὲν
757 1056 1066 1136 τριπόδην
1108 1055 1397 1137 τάμνειν,
1442 1056 1687 1135 ὕπερον
1731 1059 1803 1121 δὲ
1844 1055 2175 1136 τρίπηχυν,

259 1141 456 1209 ἄξονα
497 1142 566 1206 δ’
595 1140 998 1219 ἑπταπόδην·
1043 1139 1211 1221 μάλα
1237 1140 1362 1220 γάρ
1392 1140 1471 1205 νύ
1501 1160 1599 1205 τοι
1642 1139 1922 1218 ἄρμενον
1970 1139 2176 1204 οὕτω·

259 1225 308 1290 εἰ
351 1227 422 1290 δέ
467 1245 576 1292 κεν
621 1224 1016 1303 ὀκταπόδην,
1063 1223 1193 1288 ἀπὸ
1237 1224 1340 1289 καὶ
1385 1225 1633 1303 ςφῦράν
1675 1243 1747 1290 κε
1788 1223 2034 1302 τάμοιο.
2076 1233 2176 1284 425

257 1309 664 1389 τριςπίθαμον
709 1309 776 1372 δ’
818 1306 975 1388 ἄψιν
1016 1307 1275 1386 τάμνειν
1318 1309 1663 1392 δεκαδώρῳ
1707 1306 1924 1390 ἀμάξῃ.

259 1393 452 1457 πόλλ’
484 1392 884 1471 ἐπικαμπύλα
927 1393 1116 1458 κᾶλα·
1161 1392 1384 1471 φέρειν
1415 1393 1489 1456 δὲ
1515 1391 1699 1470 γύην,
1731 1390 1835 1455 ὅτ’
1855 1391 1934 1458 ἂν
1966 1390 2177 1475 εὕρῃς,

261 1477 345 1541 εἰς
391 1474 574 1544 οἶκον
619 1477 761 1541 κατ’
807 1474 962 1554 ὄρος
1004 1476 1333 1554 διζήμενος
1376 1475 1417 1554 ἢ
1460 1476 1601 1540 κατ’
1646 1473 1965 1554 ἄρουραν,

257 1561 588 1639 πρίνινον·
636 1561 709 1624 ὃς
751 1560 874 1636 γὰρ
921 1560 1135 1639 βουςὶν
1179 1558 1384 1638 ἀροῦν
1430 1559 1842 1638 ὀχυρώτατός
1885 1558 2071 1636 ἐςτιν,

259 1643 399 1708 εὖτ’
443 1644 523 1710 ἂν
567 1640 913 1721 Ἀθηναίης
954 1645 1169 1720 δμῶος
1214 1643 1287 1710 ἐν
1331 1642 1587 1721 ἐλύματι
1629 1643 1831 1718 πήξας
2076 1649 2183 1705 430

257 1727 600 1808 γόμφοιςιν
645 1726 921 1791 πελάςας
963 1727 1427 1806 προςαρήρεται
1468 1725 1765 1805 ἱςτοβοῆι.

387 1811 534 1876 δοιὰ
577 1812 648 1876 δὲ
690 1810 901 1874 θέςθαι
943 1808 1186 1889 ἄροτρα
1228 1809 1673 1889 πονηςάμενος
1716 1809 1873 1874 κατὰ
1917 1807 2123 1888 οἷκον,

262 1895 581 1970 αὐτόγυον
625 1895 726 1960 καὶ
768 1893 1041 1975 πηκτόν,
1087 1895 1225 1959 ἐπεὶ
1268 1895 1437 1961 πολὺ
1481 1894 1682 1960 λώιον
1728 1893 1927 1959 οὕτω·

264 1980 319 2045 εἴ
361 1982 428 2058 χ’
475 1979 694 2059 ἕτερόν
742 1979 814 2055 γ’
857 1979 1062 2057 ἄξαις,
1107 1978 1331 2059 ἕτερόν
1376 1981 1439 2043 κ’
1483 1979 1588 2043 ἐπὶ
1631 1979 1809 2059 βουςὶ
1851 1978 2094 2058 βάλοιο.

261 2064 510 2142 δάφνης
552 2062 593 2141 ἢ
636 2062 904 2141 πτελέης
948 2061 1287 2127 ἀκιώτατοι
1325 2062 1674 2143 ἱςτοβοῆες,
2080 2070 2183 2123 435

261 2148 456 2229 δρυὸς
499 2145 730 2227 ἔλυμα,
777 2146 807 2195 †
835 2146 1067 2226 πρίνου
1112 2148 1184 2211 δὲ
1224 2146 1417 2225 γύην·
1463 2144 1575 2225 βόε
1618 2146 1687 2209 δ’
1730 2145 2071 2223 ἐνναετῆρε

263 2236 306 2307 G
349 2230 576 2310 ἄρςενε
618 2234 967 2308 κεκτῆςθαι·
1010 2233 1143 2296 τῶν
1185 2231 1309 2308 γὰρ
1354 2230 1577 2296 ςθένος
1622 2228 1739 2293 οὐκ
1781 2227 2183 2296 ἀλαπαδνόν·

265 2320 309 2393 9
351 2314 506 2395 ἥβης
549 2314 783 2395 μέτρον
831 2314 1086 2393 ἔχοντε·
1129 2316 1218 2379 τὼ
1266 2314 1629 2392 ἐργάζεςθαι
1672 2312 1929 2393 ἀρίςτω·

263 2398 382 2463 οὐκ
425 2398 506 2465 ἂν
549 2399 640 2464 τώ
684 2399 754 2474 γ’
797 2398 1114 2477 ἐρίςαντες
1156 2398 1232 2464 ἐν
1273 2397 1499 2462 αὔλακι
1540 2398 1662 2476 κὰμ
1703 2398 1817 2477 μὲν
1861 2394 2141 2477 ἄροτρον

264 2480 511 2561 ἄξειαν,
556 2482 630 2546 τὸ
675 2483 747 2545 δὲ
775 2481 968 2561 ἔργον
1011 2482 1275 2547 ἐτώςιον
1320 2480 1463 2547 αὖθι
1504 2482 1773 2548 λίποιεν.
2084 2489 2186 2541 440

389 2568 525 2631 τοῖς
568 2565 634 2629 δ’
677 2564 806 2644 ἅμα
846 2567 1457 2645 τεςςαρακονταετὴς
1502 2562 1717 2643 αἰζηὸς
1761 2564 2014 2642 ἕποιτο,

263 2648 462 2728 ἄρτον
506 2650 843 2728 δειπνήςας
885 2650 1357 2729 τετράτρυφον,
1402 2647 1854 2727 ὀκτάβλωμον,

265 2732 340 2797 ὅς
381 2735 446 2798 κ’
491 2733 685 2815 ἔργου
727 2736 1009 2811 μελετῶν
1053 2732 1248 2797 ἰθεῖαν
1295 2732 1529 2797 αὔλακ’
1573 2731 1865 2808 ἐλαύνοι,

263 2819 476 2897 μηκέτι
517 2817 897 2884 παπταίνων
941 2818 1083 2896 μεθ’
1126 2816 1425 2898 ὁμήλικας
1448 2864 1463 2893 ,
1510 2815 1656 2879 ἀλλ’
1701 2814 1805 2879 ἐπὶ
1847 2813 2015 2899 ἔργῳ

263 2902 465 2978 θυμὸν
511 2902 710 2982 ἔχων·
752 2904 869 2965 τοῦ
899 2903 966 2966 δ’
997 2900 1076 2966 οὔ
1105 2921 1163 2967 τι
1190 2902 1509 2981 νεώτερος
1539 2898 1737 2965 ἄλλος
1764 2898 2041 2979 ἀμείνων
2076 2908 2185 2960 445

237 2987 588 3066 ,ςπέρματα
629 2985 962 3051 δάςςαςθαι
1003 2986 1104 3051 καὶ
1145 2985 1520 3065 ἐπιςπορίην
1552 2984 1881 3050 ἀλέαςθαι·
2198 2989 2223 3011 ⁴

265 3070 653 3150 κουρότερος
693 3070 816 3149 γὰρ
860 3068 1022 3148 ἀνὴρ
1066 3070 1208 3148 μεθ’
1253 3068 1553 3147 ὁμήλικας
1596 3067 1936 3146 ἐπτοίηται.

394 3236 738 3319 φράζεςθαι
781 3236 866 3313 δ’,
924 3234 1063 3302 εὖτ’
1107 3235 1187 3300 ἂν
1230 3234 1512 3316 γεράνου
1555 3236 1789 3315 φωνὴν
1832 3234 2186 3319 ἑπακούςῃς

57 3310 72 3335 ’
203 3415 225 3421 Η
266 3319 514 3401 ὑψόθεν
557 3321 628 3385 ἐκ
667 3320 928 3400 νεφέων
971 3319 1255 3385 ἑνιαύςια
1296 3320 1697 3399 κεκληγυίης,

402 3523 456 3560 v.
491 3508 609 3559 426.
645 3504 784 3571 ἄψιν
916 3506 1106 3559 v.435.
1142 3503 1484 3571 ἀκιρώτατοι
1616 3520 1671 3558 v.
1703 3506 1824 3559 436.
1861 3496 2185 3562 ἐνναετήρω
