2507 3935
361 171 447 240 33
1162 170 1502 224 ΗΣιοΔοτ

363 337 777 446 δωροφάγοι,
823 339 1144 440 ςκολιῇς
1185 337 1258 403 δὲ
1302 336 1523 422 δίκῃς
1563 337 1830 416 κρίνωςι
1860 337 2163 414 θέμιςτας.

362 420 402 500 ἣ
449 425 515 487 δ’
561 423 780 488 ἕπεται
821 421 1122 490 κλαίουςα
1163 422 1397 489 πόλιν
1441 399 1543 486 καὶ
1583 421 1739 500 ἤθεα
1784 423 2027 496 λαῶν,

363 507 554 585 ἠέρα
599 506 1012 584 ἑςςαμένη,
1057 506 1253 572 κακὸν
1300 504 1687 583 ἀνθρώποιο
1730 505 2041 586 φέρουςα,

367 589 436 656 οἵ
476 591 546 654 τέ
590 609 692 668 μιν
737 589 1070 662 ,ἐξελάςωςι
1113 589 1214 654 καὶ
1258 589 1378 654 οὐκ
1418 588 1616 656 ἰθεῖαν
1660 588 1933 668 ἔνειμαν.

369 755 450 821 Οἳ
493 757 566 820 δὲ
609 757 821 824 δίκας
864 757 1120 828 ξείνοιςι
1161 758 1264 824 καὶ
1304 757 1623 836 ἑνδήμοιςι
1664 760 1943 825 διδοῦςιν
2188 757 2295 820 ’225

366 839 560 906 ἰθείας
601 841 703 906 καὶ
744 841 825 922 μή
868 861 928 908 τι
969 841 1457 920 παρεκβαίνουςι
1498 841 1781 917 δικαίου,

367 929 412 999 Ε
451 927 611 990 τοῑςι
653 923 874 1004 τέθηλε
917 925 1174 1000 πόλις,
1219 925 1397 989 λαοὶ
1440 926 1507 989 δ’
1552 923 1845 990 ἀνθεῦςιν
1890 925 1963 990 ἑν
2009 923 2196 1007 αὐτῇ·

367 1013 414 1083 Ε
443 1005 659 1085 εἰρήνη
705 1009 771 1071 δ’
816 1006 944 1072 ἀνὰ
984 1011 1105 1086 γῆν
1149 1009 1633 1088 κουροτρόφος,
1679 1008 1835 1076 οὐδέ
1876 1010 2033 1076 ποτ’
2079 1009 2295 1074 αὐτοῖς

368 1098 416 1168 C
453 1089 778 1169 ἀργαλέον
819 1092 1108 1170 πόλεμον
1151 1091 1545 1172 τεκμαίρεται
1586 1092 1878 1176 εὐρύοπα
1919 1092 2116 1158 Ζεύς·

249 1175 252 1180 ’
373 1183 421 1256 3
453 1174 606 1238 οὐδέ
649 1176 806 1238 ποτ’
845 1173 1139 1259 ἰθυδίκῃςι
1180 1178 1323 1254 μετ’
1352 1175 1616 1255 ἀνδράςι
1657 1173 1836 1255 λιμὸς
1880 1176 2113 1253 ὀπηδεῖ
2194 1185 2299 1240 230

375 1269 424 1342 3
455 1257 607 1327 οὐδ’
650 1256 801 1336 ἄτη,
845 1237 1068 1344 θαλίῃς
1109 1260 1180 1326 δὲ
1221 1259 1541 1338 μεμηλότα
1583 1259 1741 1338 ἔργα
1780 1260 2097 1335 νέμονται.

373 1347 421 1420 3
454 1344 614 1406 τοῖςι
657 1343 844 1422 φέρει
884 1342 1000 1422 μὲν
1042 1345 1196 1418 γαῖα
1235 1343 1446 1409 πολὺν
1486 1342 1667 1421 βίον,
1714 1340 1925 1418 οὔρεςι
1968 1343 2041 1413 δὲ
2083 1345 2243 1420 δρῦς,

372 1431 418 1500 ·3
449 1424 607 1505 ἄκρη
653 1427 766 1526 μέν
811 1446 880 1490 τε
924 1426 1109 1505 φέρει
1150 1425 1505 1506 βαλάνους,
1546 1425 1730 1503 μέςςη
1774 1425 1849 1490 δὲ
1886 1424 2210 1504 μελίςςας,

369 1514 420 1586 3
449 1507 777 1588 εἰροπόκοι
817 1510 886 1576 δ’
927 1509 1062 1578 ὄιες
1101 1511 1367 1589 μαλλοῖς
1408 1508 1911 1590 καταβεβρίθαςι,

373 1600 422 1670 3
455 1593 770 1660 τίκτουςιν
815 1595 888 1660 δὲ
915 1596 1213 1670 γυναῖκες
1253 1592 1512 1662 ἐοικότα
1550 1591 1743 1660 τέκνα
1785 1595 2050 1662 τοηεῦςι.
2194 1603 2295 1658 235

369 1681 416 1752 Ε
456 1677 793 1741 θάλλουςιν
836 1679 904 1742 δ’
948 1676 1234 1751 ἀγαθοῖςι
1277 1677 1644 1755 διαμπερές·
1688 1675 1841 1741 οὐδ’
1882 1675 1987 1740 ἐπὶ
2030 1679 2209 1754 νηῶν

372 1767 419 1840 Ε
455 1762 800 1836 νίςςονται,
845 1761 1092 1838 καρπὸν
1137 1761 1208 1824 δὲ
1248 1761 1435 1840 φέρει
1476 1759 1780 1839 ζείδωρος
1820 1757 2085 1838 ἄρουρα.

499 1841 600 1906 οἶς
640 1844 708 1907 δ’
749 1843 970 1922 ὕβρις
1013 1863 1082 1908 τε
1125 1843 1363 1921 μέμηλε
1404 1845 1593 1922 κακὴ
1636 1845 1739 1928 καὶ
1781 1844 2029 1921 ςχέτλια
2073 1843 2263 1921 ἔργα,

368 1931 416 2005 Ε
457 1929 593 1997 τοῖς
635 1927 718 1995 δὲ.
751 1925 972 2007 δίκην
1019 1927 1330 2007 Κρονίδης
1357 1927 1749 2007 τεκμαίρεται
1792 1925 2083 2007 εὐρύοπα
2106 1925 2291 2011 Ζεύς.

367 2095 642 2165 πολλάκι
669 2096 772 2163 καὶ
798 2096 1086 2175 ξύμπαςα
1113 2095 1351 2161 πόλις
1376 2100 1573 2161 κακοῦ
1604 2096 1841 2175 ἀνδρὸς
1871 2094 2149 2175 ἀπηύρα,
2192 2102 2296 2162 240

369 2179 448 2247 ὅς
486 2200 579 2248 τις
623 2179 964 2260 ἀλιτραίνει
1005 2180 1108 2247 καὶ
1149 2178 1470 2247 ἀτάςθαλα
1497 2180 1909 2259 μηχανάαται.

369 2352 414 2423 3
442 2348 640 2410 τοῖςιν
683 2346 752 2409 δ’
795 2344 1151 2425 οὐρανόθεν
1196 2346 1341 2423 μέγ’
1382 2346 1664 2424 ἐπήγαγε
1707 2349 1883 2423 πῆμα
1910 2345 2239 2425 Κρονίων,

369 2436 414 2507 3
444 2429 628 2510 λιμὸν
670 2428 837 2507 ὁμοῦ
881 2430 986 2497 καὶ
1028 2428 1279 2507 λοιμόν
1324 2428 1835 2512 ἀποφθινύθουςι
1876 2430 1950 2494 δὲ
1992 2430 2168 2495 λαοί·

371 2520 418 2592 3
452 2550 528 2559 --
560 2513 714 2581 οὐδὲ
741 2515 1036 2591 γυναῖκες
1075 2512 1413 2581 τίκτουςιν·
1456 2513 1783 2593 μινύθουςι
1823 2514 1897 2577 δὲ
1940 2512 2111 2581 οἶκοι
2194 2519 2297 2574 244

367 2634 452 2645 -
482 2592 700 2679 Ζηνός
739 2594 1299 2681 φραδμοσύνῃσιν
1337 2593 1721 2677 Ὀλυμπίου.
1766 2593 2007 2661 ἄλλοτε
2034 2594 2103 2659 δ’
2135 2584 2297 2661 αὖτε

367 2686 418 2759 Ε
463 2682 504 2761 ἢ
546 2689 679 2750 τῶν
721 2702 800 2763 γε
841 2684 1109 2761 ςτρατόν
1155 2682 1349 2761 εὐρὺν
1393 2680 1723 2749 ἀπώλεςεν
1765 2682 1807 2759 ἢ
1850 2680 1889 2745 ὅ
1931 2701 2006 2756 γε
2024 2684 2295 2785 anime,

369 2772 418 2843 Ε
452 2766 492 2845 ἢ
537 2767 689 2833 νέας
732 2764 806 2835 ἐν
849 2766 1072 2849 πόντιμ
1119 2766 1427 2845 Κρονίδης
1470 2764 1846 2831 ἀποτίνυται
1888 2764 2121 2833 αὐτῶν.

451 2932 506 2996 ὦ
552 2934 848 3013 βαςιλεῑς,
895 2931 1067 3011 ὑμεῖς
1110 2934 1182 3000 δὲ
1223 2931 1699 3013 καταφράῑεςθε
1742 2933 1844 2999 καὶ
1886 2932 2070 2997 αὐτοὶ
2136 2930 2145 2936 ’

366 3020 599 3097 τήνδε
642 3016 892 3095 δίκην·
935 3016 1124 3093 ἐγγὺς
1164 3016 1289 3096 γὰρ
1333 3018 1406 3082 ἐν
1450 3014 1879 3096 ἀνθρώποιςιν
1925 3015 2146 3083 ἐόντες

365 3102 750 3171 ἀθάνατοι
793 3100 1179 3183 φράζονται,
1225 3098 1366 3165 ὅςοι
1408 3103 1766 3184 ςκολιῇςι
1808 3099 2110 3183 δίκῃςιν
2196 3108 2301 3159 250

498 3333 552 3367 v.
586 3320 704 3371 235.
742 3320 966 3382 γονεῠςι
1093 3332 1157 3373 τ.
1192 3318 1309 3369 240.
1347 3315 1591 3371 πολλάκι
1626 3318 1694 3382 δὴ
1848 3334 1901 3373 v.
1938 3320 2057 3369 241.
2096 3316 2162 3369 ὅς
2198 3330 2303 3369 κεν

365 3380 656 3461 ἀλιτραίνῃ
757 3384 1056 3450 μητιάαται
1232 3387 1397 3437 ,247.
1436 3384 1639 3453 πόντῳ
1674 3383 2010 3439 ἀποτίνυται
2046 3383 2305 3451 εὐρύοπα

361 3444 506 3499 Ζεύς
688 3452 853 3503 .250.
887 3450 1158 3517 ἀθάνατοι
1194 3452 1516 3509 λεύςςουςιν
