2507 3935
883 173 1075 225 EPrA
1109 174 1238 226 ΚΑΙ
1274 173 1575 228 ΗΜΕΡΑῙ.
2108 175 2194 240 43

137 395 144 401 .
261 338 339 404 ὃς
383 337 470 403 δέ·-
497 357 610 404 κεν
655 337 848 404 αὐτὸς
893 339 1164 417 ἕληται
1207 337 1570 420 ἀναιδείηφι
1610 340 1881 420 πιθήςας·

261 422 365 486 καί
390 443 460 487 τε
490 424 820 503 ςμικρὸν
852 423 997 501 ἑόν,
1025 423 1102 488 τό
1131 424 1201 530 :f'
1232 423 1608 502 ἐπάχνωςεν
1640 425 1835 506 φίλον
1863 425 2036 506 ἦτορ.
2092 435 2193 488 360

394 572 461 637 Εἰ
503 573 626 652 γάρ
671 593 780 638 κεν
811 574 913 638 καὶ
955 573 1278 652 ςμικρὸν
1321 573 1447 638 ἐπὶ
1489 580 1775 658 ςμικρῷ
1818 580 2191 641 καταθεῖο

261 657 364 724 καὶ
394 659 560 734 θαμὰ
589 658 773 722 τοῦτ’
803 656 1046 736 ἔρδοις,
1091 657 1257 738 τάχα
1298 675 1407 730 κεν
1452 658 1613 737 μέγα
1653 659 1755 724 καὶ
1795 659 1871 727 τὸ
1914 660 2191 736 γένοιτο.

260 807 381 872 Ὃς
423 808 492 871 δ’
520 807 647 872 ἐπ’
679 807 899 874 ἐόντι
942 807 1158 888 φέρει,
1205 807 1244 875 ὃ
1276 809 1347 874 δ’
1376 808 1669 876 ἀλύξεται
1710 807 1949 876 αἴθοπα
1990 777 2211 891 λιμόν..

263 957 358 1022 Οὐ
401 958 473 1022 δὲ
513 958 590 1022 τό
633 958 704 1034 γ’
746 956 840 1023 εἰν
893 957 1089 1040 οἴκῳ
1145 958 1712 1041 κατακείμενον
1756 959 1955 1040 ἀνέρα
1996 961 2189 1040 κήδει.

259 1107 488 1173 Οἴκοι
518 1108 821 1188 βέλτερον
849 1106 1035 1186 εἶναι,
1065 1109 1204 1174 ἐπεὶ
1233 1110 1631 1191 βλαβερὸν
1658 1110 1736 1176 τὸ
1766 1111 2058 1192 θύρηφιν.
2090 1120 2189 1174 363

388 1259 646 1325 Ἐςθλόν
675 1259 791 1337 μὲν
820 1259 1266 1339 παρεόντος
1298 1258 1643 1339 ἑλέςθαι,
1673 1264 1884 1338 πῆμα
1912 1262 1984 1326 δὲ
2012 1265 2189 1345 θυμῷ

263 1342 538 1422 χρηίζειν
584 1341 1006 1410 ἀπεόντος·
1050 1341 1094 1406 ἅ
1135 1362 1202 1408 ςε
1245 1343 1591 1424 φράζεςθαι
1632 1343 1875 1420 ἄνωγα.

390 1493 779 1572 Ἀρχομένου
823 1495 895 1560 δὲ
937 1494 1128 1558 πίθου
1169 1494 1274 1558 καὶ
1316 1495 1705 1572 λήγοντος
1746 1494 2148 1575 κορέςαςθαι,

261 1577 580 1659 μεςςόθι
624 1575 974 1654 φείδεςθαι·
1018 1577 1194 1655 δεινὴ
1241 1576 1310 1642 δ’
1354 1576 1426 1642 ἑν
1470 1579 1737 1656 πυθμένι
1779 1579 2003 1659 φειδώ.
2089 1589 2191 1641 369

393 1727 500 1804 Μὴ
532 1728 603 1791 δὲ
631 1726 826 1805 γυνή
859 1745 925 1792 ςε
953 1726 1116 1793 νόον
1147 1729 1548 1802 πυγοςτόλος
1576 1727 2062 1808 ἐξαπατάτω,
2090 1739 2191 1792 373

265 1811 495 1890 αἱμύλα
536 1809 960 1891 κωτίλλουςα,
1003 1811 1156 1890 τεὴν
1199 1814 1455 1890 διφῶςα
1493 1814 1631 1876 καλ
1645 1813 1714 1890 ιή
1728 1833 1783 1878 ν.

267 2000 349 2012 -
375 1963 495 2029 Ὃς
525 1962 597 2027 δὲ
625 1961 934 2038 γυναικὶ
962 1961 1330 2040 πέποιθε,
1361 1963 1625 2029 πέποιθ’
1655 1963 1693 2027 δ
1723 1984 1798 2039 γε
1827 1964 2189 2047 φηλήτῃςιν.

394 2113 818 2191 Μουνογενὴς
861 2113 934 2188 δὲ
977 2112 1124 2177 πάις
1168 2111 1265 2191 εἴη
1308 2112 1635 2191 πατρώιον
1680 2111 1911 2181 οἶκον
2092 2124 2192 2175 376

268 2198 611 2279 φερβέμεν·
658 2195 750 2261 ῶς
791 2196 916 2275 γὰρ
957 2198 1310 2261 πλοῦτος
1355 2197 1603 2262 ἀέξεται
1644 2196 1716 2263 ἐν
1759 2198 2095 2276 μεγάροιςι.

269 2348 407 2427 ῥεῖα
435 2348 508 2415 δέ
533 2366 606 2413 κε
643 2347 1063 2417 πλεόνε-ςςι
1105 2346 1302 2427 πόροι
1327 2347 1493 2414 Ζεὺς
1520 2346 1801 2416 ἄςπετον
1828 2348 2049 2429 ὄλβον.
2091 2358 2193 2412 379

270 2499 577 2569 Πλείων
620 2499 736 2579 μὲν
779 2498 1149 2567 πλεόνων
1192 2500 1449 2579 μελέτη,
1490 2499 1720 2577 μείζων
1750 2499 1819 2565 δ’
1848 2497 2191 2579 ἐπιθήκη.

395 2648 505 2716 σοὶ
546 2644 610 2713 δ’
658 2648 721 2715 εἰ
769 2646 1140 2713 πλούτου
1192 2643 1419 2729 θυμὸς
1460 2646 1763 2820 {fg-aevae..
1814 2648 1893 2715 ἐν
1948 2648 2195 2797 ‹po-egga:

1648 2779 1671 2817 2

276 2926 335 2939 —-
371 2895 658 2962 Μισθὸς
695 2892 754 2954 δ’
795 2892 968 2970 ἀνδρὶ
1005 2902 1158 2974 φίλῳ
1195 2896 1495 2971 εἰρημένος
1532 2890 1729 2969 ἄρκιος
1764 2896 1921 2958 ἔστω.
2093 2906 2195 2957 370

272 3026 338 3039 -
371 3002 492 3067 Καί
520 3018 584 3054 τε
619 2994 939 3072 κασιγνήτῳ
973 2994 1222 3068 γελάσας
1259 2994 1371 3053 ἐπὶ
1406 2992 1667 3069 μάρτυρα
1700 2998 1989 3054 θέσθαι.

275 3128 340 3139 -
373 3102 666 3163 Πίστεις
691 3094 751 3154 δ’
777 3092 924 3169 ἅραῒ
959 3094 1110 3168 ὁμῶς
1145 3098 1243 3153 καὶ
1282 3091 1603 3153 ἀπιστίαι
1633 3092 1855 3155 ὄλεσαν
1890 3092 2124 3169 ἄνδρας.

155 3256 158 3261 -
277 3260 340 3277 ··-
371 3232 610 3304 γηραιὸς
644 3234 711 3289 δὲ
745 3230 957 3298 θάνοις
989 3230 1186 3303 ἕτερον
1219 3226 1393 3289 παῖδ’
1430 3227 1877 3301 ἐγκαταλείπων.
2095 3240 2195 3290 378

405 3404 456 3440 v.
476 3390 594 3442 369.
631 3387 786 3452 δειλὴ
921 3391 1110 3442 ν.375.
1149 3386 1413 3453 φιλήτῃςι
1548 3403 1601 3443 ν.
1626 3388 1729 3439 376
1750 3387 1973 3450 (omino
1998 3402 2050 3437 v.
2072 3386 2195 3447 377)

278 3456 624 3521 μουνογενὴς
647 3454 710 3507 δὲ
733 3452 862 3507 πάις
887 3454 1051 3508 ςώζοι
1071 3452 1365 3519 πατρώιον
1382 3450 1546 3507 οἶκον
1648 3468 1701 3506 v.
1720 3456 1837 3507 381.
1863 3452 2025 3518 φρεςὶ
2043 3452 2196 3516 ςῄςιν
