2507 3935
815 195 1007 246 EPPA
1041 197 1169 249 ΚΑΙ
1202 196 1508 248 HMEPAI.
2042 196 2125 260 51,

219 359 510 439 οὐρανόν,
541 361 926 439 Ἀρκτοῦρον
971 362 1037 424 δ’
1067 361 1236 466 έςίδῃ
1270 361 1740 440 ροδοδάκτυλος
1783 362 1977 436 Ἠώς,
2024 371 2177 432 610.

217 443 267 507 ὦ
293 445 536 523 Πέρςη,
579 444 724 510 τότε
767 445 1010 509 πάντας
1055 445 1384 524 ἀπόδρεπε
1428 445 1644 512 οἴκαδε
1691 447 1947 527 βότρυς·

216 532 400 595 δεῖξαι
442 529 512 592 δ’
554 527 753 631 ἠελίῳ
793 529 946 593 δέκα
987 530 1051 594 τ’
1093 529 1300 607 ἤματα
1343 531 1444 594 καὶ
1488 531 1639 594 δέκα
1682 531 1960 595 νύκτας

213 613 393 678 πέντε
438 613 509 676 δὲ
553 612 895 690 ςυςκιάςαι,
941 613 1104 696 ἕκτῳ
1148 615 1219 678 δ’
1262 613 1349 679 εἰς
1394 613 1581 690 ἄγγε’
1624 613 1898 695 ἀφύςςαι

215 700 385 774 δῶρα
428 697 774 760 Διωνύςου
818 697 1235 776 πολυγηθέος.
1291 698 1491 776 αὐτὰρ
1536 698 1699 777 ἐπὴν
1746 701 1823 776 δὴ

211 779 520 858 Πληιάδες
564 782 632 845 θ’
674 781 899 844 Ὑάδες
943 801 1010 845 τε
1054 781 1130 844 τό
1173 801 1241 846 τε
1286 782 1511 847 ςθένος
1554 779 1865 860 Ὠρίωνος
2027 790 2128 843 615

214 864 509 939 δ’ύνωςιν,
552 862 692 928 τότ’
741 863 943 929 ἔπειτ’
989 864 1230 943 ἀρότου
1273 866 1668 944 μεμνημένος
1710 865 1901 932 εἶναι·

216 947 480 1026 ὡραίου·
523 949 764 1012 πλειὼν
809 950 882 1012 δὲ
913 951 1072 1013 κατὰ
1111 949 1348 1028 χθονὸς
1391 947 1667 1029 ἄρμενος
1710 949 1825 1028 εἴη.

292 1115 354 1179 Εἰ
397 1117 469 1180 δέ
514 1135 580 1180 ςε
624 1114 940 1196 ναυτιλίης
984 1117 1435 1197 δυςπεμφέλου
1476 1118 1691 1197 ἵμερος
1718 1118 1927 1197 -αἱρεῑ,

213 1199 350 1264 εὖτ’
393 1200 472 1264 ἂν
517 1199 836 1277 Πληιάδες
881 1201 1103 1266 ςθένος
1147 1199 1454 1280 ὄμβριμον
1496 1201 1804 1279 Ὠρίωνος

212 1285 556 1363 φεύγουςαι
597 1283 907 1348 πίπτωςιν
953 1285 1018 1348 ἐς
1062 1285 1395 1364 ἠεροειδέα
1437 1287 1709 1363 πόντον,
2025 1294 2128 1346 620
2174 1356 2179 1360 ¹

210 1370 286 1447 δὴ
328 1368 473 1432 τότε
516 1368 844 1433 παντοίων
890 1367 1147 1446 ἀνέμων
1193 1369 1450 1434 θύουςιν
1496 1369 1709 1447 ἀῆται·

209 1452 306 1515 καὶ
347 1451 495 1516 τότε
539 1453 751 1531 μηκέτι
790 1456 950 1531 νῆας
995 1454 1163 1532 εχειν
1209 1453 1310 1517 ἑνὶ
1351 1453 1570 1518 οἴνοπι
1612 1454 1857 1538 πόντῳ,

208 1540 325 1614 γῆν
370 1536 440 1599 δ’
485 1535 848 1612 ἑργάζεςθαι
891 1538 1319 1614 μεμνημένος,
1369 1536 1459 1600 ὥς
1504 1557 1569 1601 ςε
1612 1518 1882 1601 κελεύω·

209 1625 331 1697 νῆα
375 1619 442 1682 δ’
485 1619 602 1682 ἐπ’
644 1618 912 1697 ἠπείρου
957 1619 1168 1698 έρύςαι
1212 1621 1483 1684 πυκάςαι
1522 1639 1591 1684 τε
1635 1621 1890 1684 λίθοιςι

209 1704 549 1778 πάντοθεν,
583 1701 735 1784 ὄφρ’
761 1701 974 1781 ἰ’ςχως’
1004 1703 1261 1808 ἀνέμων
1285 1705 1477 1781 μένος
1500 1703 1753 1782 ὑγρόν’
1722 1705 1994 1783 αέντων,
2024 1712 2125 1764 625

209 1787 511 1866 χείμαρον
556 1785 880 1864 ἑξερύςας,
923 1785 1032 1851 ἵνα
1073 1790 1154 1865 μὴ
1201 1787 1369 1872 πύθῃ
1400 1789 1563 1851 Διὸς
1608 1787 1873 1866 ὄμβρος·

211 1871 380 1935 ὅπλα
421 1871 488 1934 δ’
531 1870 858 1948 ἐπάρμενα
899 1871 1110 1935 πάντα
1152 1877 1279 1954 τεῷ
1326 1851 1624 1947 ἐγκάτθεο
1670 1871 1860 1956 οἴκῳ,

211 1955 528 2033 εὐκόςμως
571 1954 856 2019 ςτολίςας
896 1954 1054 2034 νηὸς
1097 1956 1298 2035 πτερὰ
1340 1957 1814 2035 ποντοπόροιο·

109 2085 121 2091 -
209 2038 520 2118 πηδάλιον
564 2039 633 2101 δ’
677 2038 932 2116 εὐεργὲς
977 2038 1138 2118 ὑπὲρ
1182 2044 1434 2105 καπνοῦ
1474 2042 1911 2119 κρεμάςαςθαι·

207 2123 401 2187 αὐτὸς
444 2124 509 2186 δ’
542 2122 784 2200 ὡραῖον
829 2122 1070 2201 μίμνειν
1115 2123 1357 2199 πλόον,
1404 2122 1491 2187 εἰς
1536 2124 1573 2187 6
1605 2144 1712 2188 κεν
1742 2122 1914 2224 ἔλθῃ.
2025 2132 2127 2184 630

290 2208 393 2271 καὶ
419 2206 565 2271 τότε
593 2210 740 2283 νῆα
770 2208 930 2285 θοὴν
958 2205 1148 2272 ἅλαδ’
1180 2207 1470 2285 ἑλκέμεν,
1514 2208 1587 2273 ἐν
1618 2208 1690 2271 δέ
1719 2227 1787 2271 τε
1819 2205 2126 2286 φόρτον

209 2289 487 2395 ἄρμενον
529 2290 932 2367 ἐντύναςθαι,
975 2289 1071 2355 ἵν’
1102 2290 1318 2356 οἴκαδε
1360 2291 1641 2369 κέρδος
1684 2289 1901 2370 ἄρηαι,

212 2374 302 2438 ὥς
343 2394 468 2452 περ
512 2374 661 2452 ἐμός
703 2394 771 2439 τε
814 2375 1022 2453 πατὴρ
1065 2375 1164 2439 καὶ
1209 2376 1349 2451 ςός,
1393 2376 1554 2454 μέγα
1596 2376 1783 2453 νήπιε
1823 2374 2071 2453 Πέρςη,

207 2457 545 2525 πλωίζεςκ’
589 2457 660 2523 ἐν
704 2460 880 2535 νηυςὶ
924 2459 1063 2540 βίου
1105 2461 1493 2538 κεχρημένος
1536 2460 1789 2524 ἑςθλοῦ·

207 2541 279 2605 6c
323 2562 486 2607 ποτε
527 2542 628 2605 και
669 2542 815 2624 τῇδ’
844 2542 998 2620 ἦλθε
1039 2545 1250 2606 πολὺν
1283 2543 1387 2606 διὰ
1415 2542 1661 2608 πόντον
1689 2541 1979 2618 ἀνύςςας,
2023 2550 2124 2603 635

209 2626 420 2704 Κύμην
459 2605 732 2690 Αἰολίδα
758 2626 1128 2704 προλιπών,
1172 2626 1243 2689 ἐν
1287 2626 1389 2703 νηὶ
1429 2626 1722 2729 μελαίνῃ,

206 2710 324 2774 οὐκ
367 2708 617 2790 ἄφενος
659 2709 926 2788 φεύγων
972 2709 1124 2773 οὐδὲ
1167 2710 1455 2774 πλοῦτόν
1495 2730 1565 2774 τε
1609 2710 1712 2774 καὶ
1754 2708 1983 2787 ὄλβον,

203 2794 370 2897 ἀλλὰ
413 2794 608 2872 κακὴν
654 2793 912 2871 πενίην,
953 2795 1069 2870 τὴν
1114 2793 1279 2858 Ζεὺς
1322 2792 1610 2873 ἄνδρεςςι
1650 2793 1892 2857 δίδωςι·

201 2877 479 2943 νάςςατο
521 2879 589 2942 δ’
632 2877 784 2956 ἄγχ’
826 2878 1162 2943 Ελικῶνος
1201 2878 1427 2963 ὀιζυρῇ
1465 2878 1561 2943 ἐνὶ
1602 2877 1809 2985 κωμῃ,

201 2960 452 3067 Ἀςκρῃ,
485 2964 670 3041 χεῖμα
699 2968 876 3045 κακῇ,
905 2962 1076 3041 θέρει
1103 2962 1406 3046 ἀργαλέῃ,
1437 2962 1593 3026 οὐδέ
1622 2963 1767 3028 ποτ’
1792 2962 1994 3043 έςθλῇ.
2022 2969 2125 3023 640

285 3047 444 3124 τύνη
490 3047 578 3122 δ’,
623 3044 676 3107 ὦ
720 3024 961 3124 Πέρςη,
1007 3045 1218 3123 ἔργων
1264 3046 1653 3123 μεμνημένος
1697 3044 1861 3109 εἶναι

201 3128 466 3208 ὡραίων
513 3128 808 3205 πάντων,
854 3129 998 3209 περὶ
1028 3128 1349 3207 ναυτιλίης
1390 3131 1463 3193 δὲ
1503 3128 1779 3207 μάλιςτα.

289 3297 428 3377 Νῆ’
472 3296 695 3375 ὀλίγην
718 3296 944 3373 αἰνεῖν,
975 3296 1213 3380 μεγάλῃ
1261 3298 1333 3361 δ’
1378 3296 1449 3362 ἐν
1494 3294 1789 3377 φορτία
1831 3294 2124 3359 θέςθαι·

197 3379 438 3457 μείζων
482 3381 597 3459 μὲν
642 3379 976 3459 φόρτος,
1020 3383 1235 3458 μεῖζον
1266 3381 1333 3443 δ’
1364 3381 1469 3444 ἐπὶ
1509 3381 1718 3459 κέρδει·
1758 3378 2041 3458 κέρδος

198 3463 474 3539 ἔςςεται,
521 3462 580 3529 εἴ
606 3464 670 3527 κ’
699 3461 922 3540 ἄνεμοί
963 3481 1036 3539 γε
1079 3463 1321 3527 κακὰς
1366 3463 1684 3543 ἀπέχωςιν
1724 3463 1981 3541 ἀήτας.
2024 3468 2124 3521 645

567 3592 577 3596 ,
1650 3562 1723 3615 4*
