2507 3935
843 245 1077 298 ΛΣΠῙΣ
1121 249 1598 304 ΗΡΑΚΑΕΟΤΣ.
2104 241 2195 316 69

257 419 450 497 φωνῇ
494 413 615 478 ὕπ’
658 413 1046 517 ἀμφοτέρων
1091 413 1321 493 μεγάλ’
1363 415 1581 494 ἴαχον·
1626 416 1695 479 οἳ
1736 416 1801 481 δ’
1845 417 2144 501 ἀλαλητῷ

257 498 568 602 θεςπεςίῳ
608 499 890 562 ςύνιςαν·
935 497 1095 576 μέγα
1138 499 1205 561 δ’
1251 499 1480 564 ἔκτυπε
1524 500 1775 578 μητίετα
1816 501 2015 580 Ζεύς,

255 583 374 646 κὰδ
419 583 484 646 δ’
529 579 642 660 ἄρ’
683 580 802 644 ἀπ’
835 581 1194 660 οὐρανόθεν
1237 583 1477 662 ψιάδας
1522 584 1714 664 βάλεν
1758 583 2185 666 αἱματοέςςας,

258 670 418 745 ςῆμα
461 667 648 730 τιθεὶς
690 665 1002 744 πολέμοιο
1049 665 1138 748 ἑῷ
1182 667 1556 746 μεγαθαρςέι
1600 667 1790 732 παιδί
2084 679 2185 732 385

275 789 278 794 -
343 750 482 814 οἷος
526 751 594 815 δ’
637 750 709 814 ἐν
755 749 982 833 βήςςῃς
1027 747 1220 826 ὄρεος
1262 751 1545 830 χαλεπὸς
1589 752 1956 830 προΐὸέςθαι

255 833 502 913 κάπρος
546 833 912 913 χαυλιόδων
959 834 1225 912 φρονέει
1270 841 1447 919 θυμῷ
1493 836 1880 920 μαχέςαςθαι

257 917 518 997 ἀνδράςι
560 923 898 1000 θηρευτῇς,
945 918 1120 995 θήγει
1163 919 1237 982 δέ
1278 939 1349 983 τε
1394 920 1624 985 λευκὸν
1670 914 1911 985 ὀδόντα

251 1002 634 1080 δοχμωθείς,
679 1001 892 1082 ἀφρὸς
936 1004 1007 1067 δὲ
1049 1003 1196 1082 περι
1239 1003 1434 1082 ςτόμα
1478 1004 1899 1083 μαςτιχόωντι

254 1087 556 1164 λείβεται,
601 1085 746 1150 ὄςςε
789 1087 865 1148 δέ
907 1086 970 1148 οἱ
1011 1087 1165 1164 πυρὶ
1204 1089 1652 1165 λαμπετόωντι
1690 1089 1931 1166 ἐίκτην,
1978 1097 1995 1112 ’
2082 1097 2184 1151 390

257 1169 453 1248 ὀρθὰς
496 1171 563 1232 δ’
607 1169 679 1233 ἐν
721 1170 920 1250 λοφιῇ
966 1169 1209 1247 φρίςςει
1249 1169 1469 1249 τρίχας
1512 1171 1671 1250 ἀμφί
1714 1191 1783 1234 τε
1826 1173 2069 1249 δειρήν·

257 1259 349 1338 τῷ
392 1251 605 1316 ἴκελος
648 1253 812 1316 Διὸς
857 1251 993 1316 υἱὸς
1039 1251 1165 1330 ἀφ’
1207 1251 1467 1318 ἱππείου
1508 1254 1661 1332 θόρε
1704 1254 1957 1332 δίφρου.

317 1317 500 1414 ἦμος
546 1337 616 1400 δὲ
661 1339 914 1419 χλοερῷ
959 1336 1396 1415 κυανόπτερος
1440 1337 1636 1416 ἠχέτα
1677 1339 1876 1406 τέττιξ

256 1419 388 1502 ὄζῳ
435 1420 828 1499 ἐφεζόμενος
872 1421 1060 1499 θέρος
1101 1419 1533 1499 ἀνθρώποιςιν
1579 1421 1811 1486 ἀείδειν

257 1505 546 1584 ἄρχεται,
592 1505 646 1588 ᾧ
690 1523 761 1568 τε
805 1504 990 1568 πόςις
1031 1505 1134 1568 καὶ
1178 1510 1407 1584 βρῶςις
1449 1507 1645 1584 θῆλυς
1687 1507 1903 1585 ἑέρςη,
2082 1515 2185 1568 395

256 1589 356 1651 καί
396 1607 465 1651 τε
509 1568 900 1666 πανημέριός
941 1608 1012 1651 τε
1055 1588 1155 1652 καὶ
1197 1589 1375 1670 ἠῷος
1418 1590 1549 1668 χέει
1591 1589 1793 1667 αὐδὴν

254 1672 378 1736 ιδει
422 1671 494 1736 ἔν
540 1671 892 1754 αἰνοτάτῳ,
937 1671 1046 1736 ὅτε
1089 1691 1158 1735 τε
1201 1671 1366 1750 χρόα
1412 1672 1650 1751 Εείριος
1694 1671 1857 1751 ἄζει,

253 1759 450 1834 τῆμος
495 1757 572 1833 δὴ
618 1755 931 1834 κέγχροιςι
973 1757 1118 1834 περὶ
1160 1759 1409 1835 γλῶχες
1450 1757 1803 1832 τελέθουςι,

254 1840 409 1904 τούς
453 1860 521 1903 τε
564 1840 734 1917 θέρει
777 1841 1161 1918 ςπείρουςιν,
1208 1838 1315 1904 ὅτ’
1358 1839 1647 1921 ὄμφακες
1690 1840 2085 1920 αἰόλλονται,

257 1924 364 1990 οἷα
407 1924 746 1990 Διώνυςος
789 1925 954 1988 δῶκ’
997 1923 1259 2003 ἀνδράςι
1302 1925 1512 2005 χάρμα
1552 1926 1655 1990 καὶ
1697 1924 1921 2005 ἄχθος·
2078 1936 2184 1989 400

255 2012 370 2087 τὴν
417 2008 591 2086 ὥρην
633 2008 993 2085 μάρναντο,
1036 2010 1244 2071 πολὺς
1286 2011 1354 2072 δ’
1399 2009 1762 2089 ὀρυμαγδὸς
1808 2010 2057 2089 ὀρώρει.

347 2094 436 2156 ὡς
481 2093 552 2155 δὲ
597 2092 823 2155 λέοντε
867 2091 1004 2155 δύω
1049 2092 1213 2170 ἀμφὶ
1253 2093 1559 2170 κταμένης
1604 2094 1878 2171 ἐλάφοιο

256 2176 555 2252 ἀλλήλοις
596 2176 933 2240 κοτέοντες
976 2175 1082 2239 ἐπὶ
1125 2175 1325 2255 ςφέας
1368 2175 1711 2255 ὁρμήςωςι,

256 2261 432 2337 δεινὴ
477 2260 548 2323 δέ
591 2260 707 2338 (φ’
752 2258 896 2337 ἰαχὴ
941 2258 1182 2338 ἄραβός
1225 2261 1293 2323 θ’
1320 2258 1447 2337 ἅμα
1488 2260 1731 2335 γίγνετ’
1774 2260 2095 2326 ὀδόντων·

255 2345 367 2421 ἠδ’
411 2343 569 2408 ὥςτ’
613 2342 892 2417 αἰγυπιοι
932 2344 1385 2422 γαμψωνυχες,
1434 2342 1910 2423 ἀγκυλοχεῖλαι,
2080 2355 2181 2407 405

257 2428 452 2532 πέτρῃ
497 2427 616 2506 ἐφ’
658 2426 874 2511 ὑψηλῇ
919 2427 1160 2505 μεγάλα
1203 2428 1507 2493 κλάζοντε
1552 2428 1858 2507 μάχονται

257 2511 434 2588 αἰγὸς
477 2490 890 2591 ὀρεςςινόμου
933 2512 972 2587 ἢ
1017 2510 1369 2590 ἀγροτέρης
1408 2511 1718 2591 ἐλάφοιο,

260 2595 520 2669 πίονος,
526 2594 644 2670 ἥν
687 2596 750 2657 τ’
793 2595 1098 2672 ἑδάμαςςε
1143 2597 1362 2671 βαλὼν
1405 2594 1643 2672 αἰζήιος
1683 2594 1901 2672 ἀνὴρ

255 2676 334 2762 ἰω
381 2677 511 2741 ἀπὸ
556 2681 816 2755 νευρῆς,
860 2678 1055 2742 αὐτὸς
1098 2682 1164 2743 δ’
1207 2679 1591 2758 ἀπαλήςεται
1634 2677 1796 2761 ἄλλῃ

257 2741 478 2841 χώρου
523 2760 722 2840 ἄιδρις
765 2762 926 2826 έών·
976 2762 1041 2825 οἳ
1085 2764 1149 2825 δ’
1195 2762 1522 2840 ὀτραλέως
1564 2762 1857 2840 ἑνόηςαν,
2080 2770 2183 2823 410

257 2846 610 2924 έςςυμένως
653 2846 725 2909 δέ
769 2846 832 2909 οἱ
876 2846 1035 2927 ἀμφὶ
1078 2846 1283 2925 μάχην
1330 2849 1611 2925 δριμεῖαν
1657 2846 1947 2910 ἔθεντο·

259 2928 348 2994 ὧς
394 2930 460 2993 οἳ
503 2929 918 3007 κεκλήγοντες
964 2932 1073 2995 ἐπ
1117 2930 1477 3008 ἀλλήλοιςιν
1524 2928 1821 3010 ὄρουςαν.

340 3013 482 3079 ἔνθ’
525 3014 667 3092 ἤτοι
714 3014 954 3079 Κύκνος
997 3017 1112 3093 μὲν
1156 3014 1548 3097 ὑπερμενέος
1592 3016 1754 3078 Διὸς
1799 3014 1941 3080 υἱὸν

256 3097 641 3175 κτεινέμεναι
683 3099 940 3176 μεμαὼς
985 3098 1157 3161 ςάκει
1197 3098 1427 3177 ἔμβαλε
1472 3098 1745 3176 χάλκεον
1791 3096 2018 3176 ἔγχος,

257 3180 405 3245 οὐδ’
450 3182 710 3260 ἔρρηξεν
755 3180 1027 3260 χαλκόν·
1073 3182 1263 3259 ἔρυτο
1308 3184 1379 3246 δὲ
1422 3185 1600 3259 δῶρα
1642 3183 1836 3245 θεοῖο
2078 3189 2182 3241 415

255 3264 839 3345 Ἀμφιτρυωνιάδης
884 3266 986 3341 δέ,
1034 3265 1131 3344 βίη
1176 3265 1577 3344 Ἡρακληείη,

256 3350 558 3427 μεςςηγὺς
601 3348 874 3427 κόρυθός
917 3370 986 3414 τε
1030 3349 1131 3412 καὶ
1174 3348 1438 3415 ἀςπίδος
1481 3348 1655 3427 ἔγχεϊ
1697 3354 1913 3434 μακρῷ

394 3536 581 3591 v'.405.
620 3532 678 3587 οἳ
713 3535 772 3587 δ’
807 3534 950 3587 ὥστ’
1087 3550 1140 3586 v.
1165 3536 1282 3586 406.
1320 3532 1593 3597 μάχεςθον
1729 3548 1781 3585 v.
1818 3535 1937 3585 415.
1974 3528 2180 3595 χαλκός
