2507 3935
234 181 240 190 ι
368 217 420 286 2
712 259 726 272 .
1162 223 1503 277 Η-ΣΙΟΔΟΤ

502 387 571 453 αἵ
611 389 691 454 νύ
736 390 896 453 ποθ’
937 388 1230 454 Ἣςίοδον
1276 391 1475 468 καλὴν
1521 389 1811 456 ἐδίδαξαν
1858 390 2087 472 ἀοιδὴν

373 470 573 549 ἄρνας
617 473 1028 551 ποιμαίνονθ’
1069 473 1408 537 Ἑλικῶνος
1452 465 1581 536 ὑπὸ
1625 474 1896 540 ζαθέοιο.

323 615 328 619 ,
498 555 689 620 τόνδε
734 557 805 621 δέ
849 577 923 634 με
965 557 1284 635 πρώτιςτα
1327 559 1462 621 θεαὶ
1503 558 1669 635 πρὸς
1713 562 1915 635 μῦθον
1962 559 2179 625 ἔειπον

372 637 622 716 Μοῡςαι
667 640 1118 718 Ὀλυμπιάδες,
1162 644 1389 718 κοῦραι
1432 642 1593 705 Διὸς
1638 640 1977 720 αἰγιόχοιο·
2224 654 2285 704 25

498 723 828 800 «ποιμένες
872 723 1213 802 ἄγραυλοι,
1259 724 1409 788 κάκ’
1444 725 1735 804 ἐλέγχεα,
1780 726 2078 804 γαςτέρες
2123 725 2283 805 οἷον,

366 803 548 884 ἴδμεν
593 807 839 885 ψεύδεα
882 807 1095 871 πολλὰ
1139 809 1348 883 λέγειν
1395 808 1705 886 έτύμοιςιν
1754 807 1981 888 ὁμοῖα,

366 885 548 967 ἴδμεν
592 891 678 966 δ’,
723 889 861 956 εὖτ’
903 890 1244 968 ἐθέλωμεν,
1290 889 1528 970 ἀληθέα
1570 893 1995 970 μυθήςαςθαι.»

503 972 594 1037 ὧς
640 973 887 1054 ἔφαςαν
930 978 1155 1052 κοῦραι
1198 975 1480 1053 μεγάλου
1525 975 1687 1039 Διὸς
1734 976 2109 1054 ἀρτιέπειαι,

367 1056 469 1120 καί
510 1071 616 1136 μοι
660 1061 976 1136 ςκῆπτρον
1023 1058 1175 1123 ἔδον
1219 1058 1471 1138 δάφνης
1517 1059 1843 1137 ἐριθηλέος
1886 1058 2043 1126 ὄζον
2222 1068 2286 1120 30

367 1140 678 1218 δρέψαςαι
721 1141 978 1220 θηητόν,
1022 1141 1413 1207 ἐνέπνευςαν
1458 1143 1529 1206 δέ
1572 1162 1678 1220 μοι
1721 1143 1926 1222 αὐδὴν

367 1222 564 1302 θείην,
595 1223 750 1289 ιθῖνα
792 1225 1054 1304 κλείοιμι
1094 1224 1175 1288 τά
1214 1227 1280 1289 τ’
1310 1225 1613 1303 ἑςςόμενα
1654 1227 1783 1304 πρό
1826 1227 1892 1291 τ’
1920 1225 2142 1302 ἐόντα,

367 1307 470 1371 καί
512 1328 586 1386 με
629 1308 893 1373 κέλονθ’
924 1309 1142 1385 ὑμνεῖν
1186 1309 1491 1386 μακάρων
1534 1311 1726 1385 γένος
1772 1307 1906 1373 αἰὲν
1951 1309 2221 1385 ἐόντων,

367 1393 534 1470 ςφᾶς
563 1391 631 1455 δ’
661 1391 854 1455 αὐτὰς
885 1391 1148 1469 πρῶτόν
1191 1411 1263 1456 τε
1306 1392 1407 1455 καὶ
1449 1391 1714 1469 ύςτερον
1760 1391 1893 1458 αἰὲν
1941 1391 2190 1459 ἀείδειν.

367 1474 534 1538 ἀλλὰ
573 1473 672 1552 τίη
716 1494 823 1552 μοι
866 1479 1064 1539 ταῦτα
1105 1475 1249 1554 περὶ
1293 1479 1450 1553 δρῦν
1495 1477 1535 1554 ἢ
1578 1476 1725 1554 περὶ
1767 1476 2041 1554 πέτρην;
2220 1483 2287 1537 35

460 1642 666 1720 ,Τύνη
716 1643 1039 1709 Μουςάων
1085 1642 1461 1722 ἀρχώμεθα,
1505 1644 1605 1707 ταὶ
1648 1645 1757 1707 Διὶ
1799 1643 1989 1721 πατρὶ

365 1725 662 1802 ὑμνεῦςαι
704 1727 1002 1805 τέρπουςι
1044 1727 1241 1803 μέγαν
1288 1727 1450 1792 νόον
1494 1726 1678 1791 ἐντὸς
1721 1726 2081 1803 Ὀλύμπου,

366 1809 634 1888 εἰρεῦςαι
677 1809 756 1874 τά
798 1811 860 1874 τ’
889 1808 1082 1873 ἐόντα
1123 1810 1203 1873 τά
1243 1811 1313 1873 τ’
1341 1808 1645 1886 ἐςςόμενα
1688 1809 1819 1888 πρό
1860 1810 1926 1872 τ’
1957 1809 2183 1886 ἐόντα,

365 1899 558 1977 φωνῇ
606 1893 971 1972 ὁμηρεῦςαι·
1013 1897 1148 1959 τῶν
1194 1895 1263 1957 δ’
1306 1893 1627 1971 ἀκάματος
1672 1891 1802 1972 ῥέει
1844 1892 2005 1971 αὐδὴ

365 1977 435 2041 ἐκ
478 1978 808 2057 ςτομάτων
851 1978 1050 2056 ἡδεῖα.
1106 1982 1266 2061 γελᾷ
1308 1979 1379 2042 δέ
1420 1998 1491 2043 τε
1534 1979 1797 2057 δώματα
1838 1976 2081 2055 πατρὸς
2222 1984 2292 2036 40

364 2060 577 2139 Ζηνὸς
620 2062 1032 2141 ἐριγδούποιο
1077 2066 1229 2127 θεᾶν
1276 2061 1388 2125 ὀπὶ
1433 2062 1775 2145 λειριοέςςῃ

364 2146 771 2229 ςκιδναμένῃ·
814 2145 952 2224 ἠχεῖ
994 2147 1067 2209 δὲ
1107 2146 1266 2225 κάρη
1313 2144 1655 2225 νιφόεντος
1699 2144 2027 2223 Ὀλύμπου

363 2311 627 2387 δώματά
669 2313 737 2375 τ’
765 2310 1135 2378 ἀθανάτων·
1177 2313 1246 2376 αἳ
1290 2313 1358 2375 δ’
1386 2311 1708 2390 ἄμβροτον
1755 2309 1947 2375 ὄςςαν
1990 2310 2170 2373 ἱεῑςαι

364 2399 533 2461 θεῶν
578 2395 772 2471 γένος
815 2395 1062 2461 αἰδοῖον
1105 2401 1372 2474 πρῶτον
1416 2395 1728 2459 κλείουςιν
1774 2394 1957 2473 ἀοιδῇ

363 2478 429 2544 ἐξ
473 2478 702 2557 ἀρχῆς,
750 2479 865 2543 οὓς
911 2480 950 2542 Γ
953 2482 1060 2543 αἳα
1101 2480 1202 2543 καὶ
1247 2478 1543 2557 Οὐρανὸς
1584 2478 1773 2555 εὐρὺς
1819 2476 2080 2553 ἔτικτεν,

365 2560 436 2625 οἵ
471 2558 534 2623 τ’
583 2561 658 2625 ἐκ
702 2566 841 2625 τῶν
887 2560 1201 2642 ἐγένοντο
1243 2560 1399 2625 θεοὶ
1443 2560 1738 2643 δωτῆρες
1784 2558 1981 2623 ἐάων.

365 2645 669 2725 δεύτερον
715 2645 868 2711 αὖτε
910 2646 1120 2725 Ζῆνα,
1165 2650 1335 2712 θεῶν
1380 2644 1757 2723 πατέρ”ἠδὲ
1798 2644 1900 2708 καὶ
1942 2642 2222 2722 ἀνδρῶν,

367 2725 738 2812 ἀρχόμεναί
772 2726 851 2792 θ’
897 2726 1186 2812 ὑμνεῦσι
1225 2728 1386 2793 θεαὶ
1428 2727 1763 2811 λήγουσαί
1786 2728 1822 2778 '¹'
1851 2725 1912 2790 τ’
1958 2723 2223 2807 ἀοιδῆς,

368 2813 558 2879 ὅςςον
602 2812 924 2895 φέρτατός
963 2814 1087 2878 ἑςτι
1130 2815 1300 2879 θεῶν
1345 2812 1559 2890 κράτεΐ
1601 2832 1670 2876 τε
1714 2813 2018 2889 μέγιςτος.

367 2896 543 2963 αὖτις
585 2899 654 2961 δ’
698 2896 1063 2975 ἀνθρώπων
1107 2916 1176 2961 τε
1218 2897 1410 2972 γένος
1454 2898 1780 2974 κρατερῶν
1822 2914 1895 2958 τε
1940 2892 2263 2969 Γιγάντων

366 2980 669 3059 ὑμνεῦςαι
711 2982 1012 3061 τέρπουςι
1054 2980 1218 3043 Διὸς
1260 2980 1419 3045 νόον
1466 2979 1650 3043 ἐντὸς
1692 2977 2021 3056 Ὀλύμπου
2222 2984 2286 3037 51

293 3069 312 3145 ‘a
370 3065 620 3129 Μοῦςαι
663 3064 1117 3143 Ὀλυμπιάδες,
1161 3067 1385 3144 κοῦραι
1428 3063 1594 3128 Διὸς
1636 3060 1963 3140 αἰγιόχοιο.

2218 2482 2290 2535 8

365 3231 480 3293 τὰς
524 3231 595 3296 ἐν
638 3233 860 3317 Πιερίῃ
909 3232 1178 3316 Κρονίδῃ
1221 3233 1360 3296 τέκε
1403 3233 1592 3310 πατρὶ
1636 3233 1873 3309 μιγεῖςα

372 3311 797 3395 Μνημοςύνη,
839 3319 1162 3391 γουνοῑςιν
1208 3317 1581 3394 Ἐλευθῆρος
1625 3314 1963 3392 μεδέουςα,

503 3509 556 3545 v.
592 3498 674 3547 28.
708 3498 1047 3561 γηρύςαςθαι
1179 3519 1233 3555 v.
1272 3505 1354 3555 31.
1392 3500 1693 3567 δρέψαςθαι
