2507 3935
979 269 1376 323 ΘΕοΓοΝῙΑ.
2104 273 2150 339 3

221 435 624 517 ληςμοςύνην
668 455 736 502 τε
777 439 997 501 κακῶν.
1037 435 1340 515 ἄμπαυμά
1384 457 1451 500 τε
1495 438 1895 517 μερμηράων.
2080 449 2149 501 55

226 523 424 589 ἐννέα
465 522 588 598 γάρ
633 520 694 584 οἱ
736 521 969 584 νύκτας
1011 518 1294 599 ἐμίςγετο
1337 521 1589 598 μητίετα
1630 521 1824 598 Ζεύς,

226 607 459 686 νόςφιν
505 604 626 668 ἀπ’
669 603 1008 680 ἀθανάτων
1049 602 1227 682 ἱερὸν
1273 603 1461 682 λέχος
1506 603 1979 684 εἰςαναβαίνων.

195 757 210 768 ,
354 688 506 752 ἀλλ’
535 687 643 752 ὅτε
673 688 750 765 δή
783 687 847 766 ῥ’
877 687 1168 751 ἐνιαυτὸς
1211 685 1344 765 ἔην,
1388 687 1533 766 περὶ
1561 690 1631 752 δ’
1658 688 1941 766 ἔτραπον
1986 689 2149 771 ὧραι

227 773 447 852 μηνῶν
491 771 880 851 φθινόντων,
926 772 1070 849 περὶ
1112 771 1181 834 δ’
1221 771 1427 849 ἤματα
1468 771 1669 835 πόλλ’
1712 773 2035 852 ἐτελέςθη,

225 858 264 933 ἣ
309 857 375 919 δ’
417 855 588 919 ἔτεκ’
631 853 822 919 ἐννέα
864 858 1102 932 κοῦρας
1146 853 1556 934 ὁμόφρονας,
1599 857 1736 940 ᾗςιν
1781 856 1967 936 ἀοιδὴ
2080 865 2149 918 60

226 940 559 1017 μέμβλεται
600 938 671 1003 ἐν
717 938 1028 1014 ςτήθεςςιν
1073 937 1311 1016 ἀκηδέα
1354 939 1554 1016 θυμὸν
1599 939 1921 1019 ἐχούςαις,

225 1023 456 1087 τυτθὸν
501 1021 620 1085 ἀπ’
649 1021 997 1100 ἀκροτάτης
1040 1025 1329 1101 κορυφῆς
1372 1023 1719 1102 νιφόεντος
1762 1024 2103 1103 Ὀλύμπου.

227 1189 382 1255 ἔνθα
424 1208 572 1270 ςφιν
618 1189 875 1266 λιπαροί
917 1209 985 1253 τε
1031 1191 1215 1268 χοροὶ
1259 1190 1359 1253 καὶ
1402 1191 1662 1270 δώματα
1705 1191 1894 1254 καλά·

227 1274 357 1351 πὰρ
402 1274 474 1336 δ’
518 1272 713 1356 αὐτῇς
759 1272 1020 1353 Χάριτές
1065 1292 1132 1336 τε
1174 1273 1275 1335 καὶ
1317 1275 1562 1380 Ἵμερος
1605 1273 1755 1337 οἰκί’
1800 1274 2051 1380 ἔχουςιν

227 1439 298 1505 ἐν
344 1439 594 1524 θαλίῃς·
635 1440 869 1518 ἐρατὴν
913 1441 984 1503 δὲ
1027 1440 1132 1502 διὰ
1176 1440 1371 1518 ςτόμα
1415 1439 1606 1504 ὄςςαν
1648 1441 1826 1504 ἱεῑςαι
2078 1449 2146 1501 65

226 1523 580 1601 μέλπονται
621 1523 886 1587 πάντων
930 1543 997 1587 τε
1041 1523 1318 1600 νόμους,
1362 1524 1463 1586 καὶ
1504 1523 1660 1601 ἤθεα
1702 1524 1895 1589 κεδνὰ

226 1607 567 1673 ἀθανάτων
612 1605 922 1670 κλείουςιν
970 1606 1293 1683 ἐπήρατον
1338 1606 1531 1670 ὄςςαν
1572 1605 1768 1671 ἱεῖςαι.

351 1773 424 1836 αἳ
465 1771 602 1836 τότ’
628 1771 769 1836 ἰ’ςαν
797 1773 961 1850 πρὸς
991 1773 1327 1850 Ὄλυμπον
1358 1769 1781 1850 ἀγαλλόμεναι
1823 1772 1934 1838 ὀπὶ
1960 1777 2144 1860 καλῇ,

230 1855 535 1940 ἀμβροςίῃ
579 1857 818 1938 μολπῇ·
863 1857 1009 1934 περὶ
1052 1858 1121 1920 δ’
1161 1855 1305 1935 ἴαχε
1347 1859 1498 1932 γαῖα
1540 1857 1803 1934 μέλαινα

225 1939 589 2021 ὐμνεύςαις,
632 1939 860 2018 ἐρατὸς
903 1942 975 2005 δὲ
1016 1943 1244 2005 ποδῶν
1289 1939 1418 2006 ὕπο
1465 1944 1709 2005 δοῦπος
1754 1939 1990 2020 ὀρώρει
2078 1951 2147 2004 70

225 2026 612 2103 νιςςομένων
658 2025 886 2103 πατέρ’
915 2024 1001 2089 εἰς
1037 2022 1144 2089 ὅν·
1190 2025 1228 2088 ὃ
1275 2026 1345 2088 δ’
1373 2025 1635 2109 οὐρανῷ
1679 2025 2065 2104 ἑμβαςιλεύει

227 2108 420 2173 αὐτὸς
467 2108 638 2186 ἔχων
685 2110 960 2186 βροντὴν
1004 2106 1113 2185 ἠδ’
1141 2108 1523 2189 αἰθαλόεντα
1565 2109 1900 2186 κεραυνόν,

227 2192 441 2269 κάρτεϊ
483 2191 736 2268 νικήςας
778 2191 1020 2268 πατέρα
1066 2190 1343 2269 Κρόνον·
1388 2190 1458 2255 εὐ
1502 2193 1574 2254 δὲ
1618 2192 1845 2255 ἕκαςτα

231 2274 576 2339 ἀθανάτοις
621 2274 901 2340 διέταξεν
946 2272 1122 2353 ὁμῶς
1165 2274 1267 2337 καὶ
1308 2272 1633 2353 ἐπέφραδε
1674 2274 1867 2353 τιμάς.
1954 2298 1965 2309 ·

350 2426 541 2491 ταῦτ’
569 2424 694 2503 ἄρα
725 2425 976 2489 Μοῦςαι
1003 2423 1223 2490 ἄειδον
1252 2424 1565 2503 Ὀλύμπια
1593 2425 1842 2505 δώματ’
1871 2425 2145 2505 ἔχουςαι,

228 2508 422 2575 ἐννέα
465 2509 802 2587 θυγατέρες
846 2508 1125 2586 μεγάλου
1168 2509 1333 2573 Διὸς
1376 2508 1764 2585 ἐκγεγαυῖαι,
2080 2520 2149 2571 76

231 2593 430 2656 Κλειώ
475 2594 541 2657 τ’
584 2592 865 2670 Εὐτέρπη
910 2613 1008 2668 τε,
1053 2592 1293 2656 Θάλειά
1334 2612 1402 2655 τε
1447 2592 1835 2669 Μελπομένη
1879 2611 1978 2669 τε,

225 2675 591 2754 Τερψιχόρη
633 2678 700 2739 τ’
728 2676 966 2754 Ἐρατώ
1008 2696 1112 2752 τε,
1154 2674 1492 2751 Πολύμνιά
1532 2675 1598 2737 τ’
1628 2674 1905 2753 Οὐρανίη
1949 2694 2052 2755 τε,

231 2758 550 2837 Καλλιόπη
595 2760 692 2821 θ’·
735 2760 776 2836 ἢ
820 2760 892 2823 δὲ
935 2756 1418 2837 προφερεςτάτη
1464 2757 1627 2823 ἐςτιν
1670 2757 1989 2824 άπαςέων.
2116 2834 2122 2839 ,

227 2910 267 2986 ἢ
308 2910 433 2987 γὰρ
477 2908 578 2972 καὶ
622 2912 969 2989 βαςιλεῡςιν
1013 2907 1126 2986 ἅμ’
1157 2907 1482 2974 αἰδοίοιςιν
1529 2908 1773 2987 ὀπηδεῖ.
2076 2917 2149 2969 80

353 3058 433 3123 ὅν
478 3078 618 3125 τινα
661 3060 949 3137 τιμήςωςι
992 3060 1154 3122 Διὸς
1197 3062 1423 3136 κοῦραι
1467 3058 1769 3135 μεγάλοιο

229 3142 600 3220 γεινόμενόν
643 3145 710 3206 τ’
752 3143 996 3207 ἐςίδωςι
1037 3142 1435 3220 διοτρεφέων
1482 3141 1818 3218 βαςιλήων,

229 3231 318 3307 τῷ
363 3228 479 3304 μὲν
524 3225 629 3290 ἐπὶ
670 3227 918 3304 γλώςςη
961 3226 1275 3302 γλυκερὴν
1320 3223 1594 3302 χείουςιν
1638 3223 1881 3300 ἐέρςην,

229 3312 343 3372 τοῦ
387 3311 456 3372 δ’
501 3308 644 3373 ἔπε’
688 3310 758 3373 ἐκ
800 3289 1104 3388 ςτόματος
1149 3307 1246 3385 ῥεῖ
1289 3308 1560 3386 μείλιχα·
1606 3305 1668 3369 οἱ
1708 3307 1780 3370 δέ
1823 3328 1902 3372 νυ
1947 3307 2090 3371 λαοὶ
2142 3356 2150 3363 .

236 3390 468 3456 πάντες
511 3393 579 3455 ἐς
624 3392 819 3458 αὐτὸν
864 3393 1059 3471 ὁρῶςι
1101 3392 1508 3471 διακρίνοντα
1551 3389 1833 3467 θέμιςτας
2078 3397 2145 3449 85

181 3550 183 3557 '
357 3558 410 3595 v.
446 3544 530 3595 83.
567 3542 764 3607 ἀοιδήν
800 3560 804 3565 ·

235 3626 250 3639 .
1646 3624 1733 3682 1,
