2507 3935
314 205 402 270 66
1120 209 1457 262 ΗΣΙΟΔΟΤ

315 378 467 453 τῆλε
511 375 580 440 δ’
624 374 746 440 ἀπ’
790 373 1149 455 αἰθομένων
1193 377 1437 442 δαΐδων
1483 377 1665 441 ςέλας
1710 376 2031 458 εἰλύφαζεῖ
2140 386 2247 438 275

316 461 528 540 χερςὶν
573 459 670 526 ἔνι
714 464 985 547 δμωῶν·
1029 461 1128 524 ταὶ
1172 461 1240 525 δ’
1286 461 1517 545 ἀγλαΐῃ
1561 463 1883 526 τεθαλυῖαι

315 545 548 623 πρόςθ’
593 545 796 609 ἔκιον·
839 539 1012 628 τῇςιν
1057 547 1129 610 δὲ
1171 546 1357 624 χοροὶ
1398 546 1733 612 παίζοντες
1776 547 2047 611 ἕποντο·

314 629 416 692 τοὶ
459 629 573 706 μὲν
620 629 749 693 ὑπὸ
796 630 1076 707 λιγυρῶν
1122 629 1439 708 ςυρίγγων
1480 629 1656 695 ἵεςαν
1700 629 1902 707 αὐδήν

314 713 382 778 ἐξ
426 713 699 778 ἁπαλῶν
744 713 1094 792 ςτομάτων,
1140 714 1284 792 περὶ
1329 713 1401 778 δέ
1444 733 1650 794 ςφιςιν
1694 712 1933 790 ἄγνυτο
1976 713 2145 792 ἠχώ·

315 797 383 860 αἳ
426 799 492 861 δ’
536 797 665 861 ὑπὸ
713 797 1093 876 φορμίγγων
1138 797 1388 874 ἄναγον
1433 799 1637 877 χορὸν
1680 797 2029 876 ἱμερόεντα.
2140 805 2247 858 280

313 880 500 946 ἔνθεν
545 882 610 944 δ’
655 879 805 944 αὖθ’
851 881 1123 959 ἑτέρωθε
1166 882 1306 946 νέοι
1347 882 1645 960 κώμαζον
1690 881 1779 946 ὑπ
1795 879 2078 955 ἀὐλοῦ,

312 966 414 1028 τοί
457 985 532 1040 γε
575 961 689 1043 μὲν
736 964 816 1028 αὖ
859 965 1197 1032 παίζοντες
1240 964 1360 1027 ὑπ’
1406 965 1707 1049 ὀρχηθμῷ
1750 964 1851 1030 καὶ
1892 963 2111 1044 ἀοιδῇ,

309 1048 411 1112 τοί
452 1067 527 1123 γε
569 1050 684 1126 μὲν
729 1047 810 1111 αὖ
852 1049 1211 1124 γελόωντες
1256 1049 1377 1112 ὑπ’
1420 1029 1727 1128 αὐλητῆρι
1770 1049 2028 1112 ἕκαςτος

311 1132 542 1211 πρόςθ’
587 1132 778 1198 ἔκιον.
821 1135 1031 1198 πᾶςαν
1076 1135 1146 1197 δὲ
1191 1131 1381 1197 πόλιν
1427 1133 1635 1196 θαλίαι
1676 1153 1745 1196 τε
1788 1131 1975 1211 χοροί
2015 1151 2085 1196 τε

313 1216 567 1292 ἀγλαιαι
611 1217 674 1280 τ’
719 1214 916 1295 εἶχον.
1001 1216 1101 1280 τοὶ
1143 1217 1211 1280 δ’
1256 1215 1337 1280 αὖ
1378 1217 1781 1296 προπάροιθε
1823 1215 2071 1291 πόληος
2137 1223 2243 1274 285

309 1303 478 1364 νῶθ’
517 1299 741 1365 ἵππων
785 1300 1118 1379 ἐπιβάντες
1161 1301 1468 1368 ἐθύνεον-
1536 1301 1599 1364 οἱ
1639 1301 1709 1364 δ’
1739 1299 2049 1378 ἀροτῆρες

309 1384 566 1462 ἤρεικον
609 1383 816 1462 χθόνα
857 1387 1024 1460 δῖαν,
1069 1384 1489 1462 ἐπιςτολάδην
1533 1386 1604 1447 δὲ
1647 1386 1922 1462 χιτῶνας

310 1467 623 1532 ἐςτάλατῖ
711 1467 913 1546 αὐτὰρ
957 1467 1070 1546 ἔην
1117 1468 1274 1548 βαθὺ
1321 1467 1639 1544 λήιον·οἵ
1681 1486 1755 1542 γε
1799 1469 1914 1545 μὲν
1958 1465 2139 1546 ἤμων

309 1551 533 1634 αἰχμῇς
579 1551 813 1634 ὀξείῃςι
854 1552 1317 1629 κορωνιόωντα
1356 1552 1629 1630 πέτηλα,

309 1637 653 1716 βριθόμενα
695 1637 1008 1715 ςταχύων,
1055 1636 1200 1700 ῶςεὶ
1244 1637 1622 1715 Δημήτερος
1666 1633 1888 1712 ἀκτήν·
2136 1643 2247 1696 290

309 1721 376 1784 οἳ
419 1722 490 1784 δ’
533 1720 646 1798 ἄρ’
689 1719 762 1785 ἐν
807 1721 1199 1785 ἐλλεδανοῖςι
1243 1721 1397 1786 δέον
1442 1721 1543 1783 καὶ
1585 1719 1847 1784 ἔπιτνον
1892 1717 2131 1796 ἀλωήν.

307 1805 375 1868 οἳ
419 1805 486 1867 δ’
531 1803 819 1883 ἐτρύγων
867 1803 1049 1867 οἴνας
1093 1806 1419 1883 δρεπάνας
1460 1804 1553 1868 ἐν
1578 1803 1789 1882 χερςὶν
1834 1802 2123 1881 ἔχοντες·

308 1889 377 1950 οἳ
420 1888 486 1949 δ’
531 1885 677 1950 αὖτ’
721 1886 790 1950 ἐς
841 1887 1160 1966 ταλάρους
1203 1889 1487 1969 ἐφόρευν
1533 1887 1663 1951 ὑπὸ
1707 1887 2121 1964 τρυγητήρων

305 1962 577 2035 λευκοὺς
619 1971 721 2035 καὶ
764 1970 1039 2049 μέλανας
1083 1972 1356 2053 βότρυας
1398 1971 1696 2050 μεγάλων
1741 1970 1873 2034 ἀπὸ
1918 1969 2139 2050 ὄρχων

289 2056 704 2163 »βριθομένων
749 2056 1044 2135 φύλλοιςι
1087 2057 1186 2121 καὶ
1231 2056 1546 2140 ἀργυρέῃς
1588 2055 1913 2121 ἑλίκεςςιν·
2134 2062 2241 2121 205

308 2140 394 2204 o‘t
405 2141 472 2203 δ’
501 2138 650 2205 αὖτ’
680 2140 747 2203 ἐς
785 2141 1104 2220 ταλάρους
1133 2142 1448 2222 ἐφόρευν·
1494 2141 1670 2219 παρὰ
1700 2140 1771 2203 δέ
1802 2157 2006 2217 ςφιςιν
2036 2136 2241 2217 ὄρχος

305 2224 578 2303 χρύςεος
619 2222 720 2302 ἦν,
765 2225 962 2289 κλυτὰ
1003 2224 1162 2303 ἔργα
1202 2227 1604 2306 περίφρονος
1646 2221 2049 2302 Ἡφαίςτοιο,

307 2306 634 2384 ςειόμενος
677 2307 972 2386 φύλλοιςι
1013 2310 1116 2372 καὶ
1159 2309 1497 2395 ἀργυρέῃςι
1537 2308 1781 2386 κάμαξι,

306 2390 680 2471 βριθόμενος
724 2394 1100 2473 ςταφυλῇςι·
1147 2373 1544 2472 μελάνθηςάν
1587 2412 1663 2467 γε
1704 2393 1819 2470 μὲν
1862 2389 2021 2455 αἵδε.
2129 2397 2239 2451 300

309 2472 376 2539 οἵ
420 2493 494 2550 γε
537 2474 651 2553 μὲν
696 2474 1032 2552 ἐτράπεον,
1076 2476 1176 2539 τοὶ
1219 2479 1287 2541 δ’
1328 2478 1547 2556 ἤρυον.
1636 2476 1701 2539 οἳ
1744 2476 1811 2538 δ’
1854 2474 2174 2553 ἐμάχοντο

305 2559 430 2625 πύξ
473 2578 543 2623 τε
582 2578 686 2621 και
728 2558 1014 2637 ἑλκηδόν.
1102 2562 1202 2625 τοὶ
1244 2562 1313 2626 δ’
1356 2561 1696 2625 ὠκύποδας
1739 2558 1938 2635 λαγὸς
1980 2561 2179 2641 ᾒρευν

305 2641 538 2721 ἄνδρες
579 2643 900 2721 θηρευταί,
944 2644 1047 2709 καὶ
1088 2646 1565 2725 καρχαρόδοντε
1608 2644 1762 2708 κύνε
1805 2642 1965 2723 πρό,

303 2725 552 2833 ἱέμενοι
584 2727 868 2805 μαπέειν,
915 2728 980 2791 οἳ
1023 2728 1092 2792 δ’
1133 2728 1372 2809 ἱέμενοι
1415 2727 1743 2794 ὑπαλύξαι.

303 2812 438 2889 πὰρ
482 2811 552 2873 δ’
582 2808 800 2875 αὐτοῖς
841 2810 1074 2891 ἱππῆες
1117 2812 1273 2892 ἔχον
1316 2815 1549 2891 πόνον,
1594 2810 1755 2891 ἀμφὶ
1783 2812 1849 2875 δ’
1878 2810 2089 2893 ἀέθλῳ
2130 2818 2238 2871 305

305 2898 489 2971 δῆριν
535 2892 690 2971 ἔχον
733 2896 836 2957 καὶ
877 2894 1138 2974 μόχθον.
1225 2898 1587 2962 ἐυπλεκέων
1632 2898 1701 2958 δ’
1744 2894 1850 2960 ἐπὶ
1891 2894 2147 2973 δίφρων

302 2977 557 3056 ἡνίοχοι
603 2980 919 3057 βεβαῶτες
963 2978 1224 3057 ἐφίεςαν
1271 2980 1474 3046 ὠκέας
1512 2980 1788 3055 ίππους,

307 3062 468 3141 ῥυτὰ
509 3061 949 3143 χαλαίνοντες·
992 3063 1072 3127 τὰ
1113 3066 1182 3129 δ’
1223 3064 1680 3146 ἐπικροτέοντα
1721 3064 1998 3128 πέτοντο

303 3145 552 3225 ἅρματα
594 3147 952 3225 κολλήεντ,
997 3146 1103 3212 ἐπὶ
1145 3150 1218 3215 δὲ
1260 3153 1538 3230 πλῆμναι
1580 3150 1725 3228 μέγ’
1768 3148 2033 3215 ἀύτευν·

308 3330 404 3379 τοί
433 3348 496 3395 γε
531 3328 638 3397 μὲν
673 3320 778 3385 οὖν
811 3332 1112 3397 παίζοντες
1145 3328 1250 3389 ὑπ’
1288 3327 1571 3406 αὐλητῆρι
1608 3330 1842 3399 ἕκαστος
2130 3342 2237 3397 299

439 3510 492 3545 v.
529 3498 646 3549 289.
682 3500 1065 3564 κορωνιόεντα
1101 3509 1199 3556 aut
1233 3504 1600 3571 κορυνιόεντα
