2507 3935
1051 234 1442 290 οΕοΡοΝῙΑ.
2140 230 2222 301 13

419 395 576 476 ἦλθε
619 399 687 463 δ’
729 397 854 478 ἄρα
897 400 1118 478 πρώτη
1164 401 1319 483 Ετὺξ
1361 401 1631 482 ἄφθιτος
1676 401 2095 481 Οὔλυμπόνδε

295 479 416 547 εὺν
461 485 710 562 ςφοῖςιν
754 484 1033 548 παίδεςςι
1078 484 1276 565 φίλου
1322 487 1425 549 διὰ
1466 487 1668 564 μήδεα
1708 488 1969 565 πατρός.

419 567 537 644 τὴν
582 568 654 630 δὲ
696 566 861 632 Ζεὺς
903 568 1144 645 τίμηςε,
1188 570 1447 646 περιςςὰ
1490 571 1561 634 δὲ
1605 573 1786 648 δῶρα
1813 571 1847 620 ‘¹‘
1878 571 2190 635 δέδωκεν·

293 647 494 730 αὐτὴν
539 651 653 727 μὲν
696 651 822 728 γὰρ
864 649 1048 729 ἔθηκε
1090 656 1259 717 θεῶν
1304 653 1503 730 μέγαν
1535 652 1791 731 ἔμμεναι
1822 653 2048 731 ὅρκον,
2115 663 2218 714 400

292 734 524 796 παῖδας
567 735 633 796 δ’
662 733 869 810 ἤματα
907 735 1123 799 πάντα
1167 735 1280 800 ἑοῦ
1324 737 1729 814 μεταναιέτας
1760 735 1941 801 εἶναι.

421 813 512 879 ὧς
556 817 624 880 δ’
653 816 864 881 αὕτως
907 818 1202 883 πάντεςςι
1244 821 1613 897 διαμπερές,
1662 820 1753 884 ὥς
1797 840 1919 900 περ
1962 819 2215 900 ὑπέςτη,

293 896 666 964 ἑξετέλεςς’·
711 899 907 965 αὐτὸς
951 903 1023 966 δὲ
1065 901 1224 979 μέγα
1266 907 1481 982 κρατεῖ
1521 903 1636 981 ἠδὲ
1680 903 1947 968 ἀνάςςει.

419 1048 621 1130 Φοίβη
667 1052 734 1115 δ’
763 1050 846 1115 αὖ
892 1051 1084 1116 Κοίου
1126 1053 1539 1132 πολυήρατον
1582 1053 1774 1132 ἦλθεν
1821 1053 1889 1118 ἐς
1932 1053 2157 1132 εὐνήν*

293 1134 603 1210 κυςαμένη
648 1133 684 1183 '¹’
728 1136 798 1199 δ’
839 1135 1067 1213 ἤπειτα
1109 1138 1224 1201 θεὰ
1268 1141 1422 1202 θεοῦ
1469 1135 1539 1203 ἐν
1584 1137 1876 1216 φιλότητι
2116 1145 2219 1198 405

292 1216 478 1293 Λητὼ
522 1217 980 1284 κυανόπεπλον
1026 1219 1350 1298 ἐγείνατο,
1394 1220 1678 1299 μείλιχον
1721 1219 1873 1296 αἰεί,

293 1299 486 1376 ἤπιον
531 1299 920 1379 ἀνθρώποιςι
963 1303 1066 1366 καὶ
1094 1302 1458 1368 ἀθανάτοιςι
1501 1306 1733 1379 θεοῖςι,

293 1383 574 1462 μείλιχον
621 1384 686 1451 ἐξ
729 1384 960 1464 ἀρχῆς,
1005 1386 1428 1463 ἀγανώτατον
1472 1386 1661 1452 ἐντὸς
1702 1387 2050 1465 Ὀλύμπου.

417 1467 672 1542 γείνατο
721 1471 787 1533 δ’
815 1469 1129 1550 Ἀςτερίην
1174 1471 1545 1549 εὐώνυμον,
1589 1470 1671 1548 ἥν
1713 1489 1873 1536 ποτε
1914 1470 2165 1550 Πέρςης

291 1551 561 1627 ἠγάγετ’
591 1551 656 1614 ἐς
701 1553 859 1629 μέγα
900 1559 1115 1631 δῶμα,
1160 1555 1353 1633 φίλην
1398 1557 1723 1631 κεκλῆςθαι
1766 1553 2035 1619 ἄκοιτιν·
2118 1563 2219 1614 410

290 1633 332 1710 ἢ
377 1635 447 1696 δ’
491 1632 932 1714 ὑποκυςαμένη
977 1637 1235 1714 Ἑκάτην
1279 1638 1416 1702 τέκε
1434 1686 1451 1713 ,
1496 1640 1613 1714 τὴν
1658 1639 1803 1716 περὶ
1844 1637 2109 1703 πάντων

293 1716 461 1781 Ζεὺς
505 1716 811 1796 Κρονίδης
851 1719 1089 1797 τίμηςε·
1133 1721 1337 1798 πόρεν
1383 1721 1455 1784 δέ
1500 1720 1563 1784 οἱ
1606 1719 1814 1795 ἀγλαὰ
1855 1724 2067 1798 δῶρα,

292 1803 523 1880 μοῖραν
569 1799 736 1880 ἔχειν
779 1803 960 1881 γαίης
1001 1823 1070 1868 τε
1113 1804 1214 1867 καὶ
1260 1803 1646 1884 ἀτρυγέτοιο,
1677 1803 2000 1882 θαλάςςης.

418 1953 458 2031 ἢ
502 1953 574 2017 δὲ
618 1955 731 2018 καὶ·
760 1953 1171 2033 ἀστερόεντος
1216 1954 1340 2020 ἀπ’
1384 1955 1687 2035 Οὐρανοῦ
1730 1955 1964 2034 ἔμμορε
2004 1957 2215 2034 τιμῆς,

295 2035 637 2101 ἀθανάτοις
678 2058 749 2101 τε
793 2042 987 2103 θεοῑςι
1027 2040 1311 2117 τετιμένη
1355 2040 1481 2103 ἐςτὶ
1523 2039 1799 2116 μάλιςτα.
2116 2048 2215 2099 415

420 2121 522 2184 καὶ
563 2121 686 2199 γὰρ
729 2124 871 2204 νῦν,
916 2121 1025 2187 ὅτε
1069 2122 1200 2185 που
1244 2142 1336 2186 τις
1380 2122 1764 2200 ἐπιχθονίων
1809 2121 2174 2199 ἀνθρώπων

294 2202 501 2282 ἔρδων
545 2203 685 2282 ἱερὰ
727 2205 891 2270 καλὰ
932 2206 1091 2269 κατὰ
1133 2205 1340 2283 νόμον
1382 2205 1728 2282 ἱλάςκηται,

293 2288 597 2364 κικλήςκει
640 2288 930 2371 Ἑκάτην,
974 2288 1182 2366 πολλή
1224 2288 1299 2353 τέ
1344 2288 1405 2354 οἱ
1448 2288 1674 2368 ἕςπετο
1717 2288 1861 2367 τιμὴ

301 2370 439 2447 ῥεῖα
479 2370 657 2449 μάλ’,
703 2373 757 2453 ᾧ
803 2374 1125 2454 πρόφρων
1169 2392 1243 2448 γε
1288 2373 1403 2437 θεὰ
1446 2372 1821 2439 ὑποδέξεται
1864 2371 2089 2451 εὐχάς,

294 2453 395 2517 καί
437 2455 506 2518 τὲ
552 2454 613 2518 οἱ
657 2454 857 2535 ὄλβον
888 2458 1146 2535 ὀπάζει,
1191 2458 1331 2520 ἐπεὶ
1360 2455 1621 2535 δύναμίς
1661 2476 1735 2532 γε
1765 2456 2081 2535 πάρεςτιν.
2116 2464 2218 2515 420

420 2536 594 2601 ὅςςοι
636 2539 760 2617 γὰρ
807 2540 986 2619 Γαίης
1029 2560 1098 2605 τε
1141 2542 1242 2603 καὶ
1286 2540 1586 2617 Οὐρανοῦ
1631 2539 2006 2613 ἐξεγένοντο

294 2620 396 2685 καὶ
436 2623 616 2700 τιμὴν
661 2621 930 2701 ἔλαχον,
974 2624 1228 2687 τούτων
1274 2623 1404 2700 ἔχει
1448 2621 1634 2685 αῑςαν
1678 2621 2004 2686 ἁπάντων.

421 2704 573 2769 οὐδέ
615 2704 674 2769 τί
717 2726 819 2784 μιν
868 2707 1172 2785 Κρονίδης
1216 2705 1507 2785 ἐβιήςατο
1553 2704 1707 2769 οὐδέ
1750 2705 1817 2769 τ’
1860 2702 2145 2784 ἀπηύρα,

295 2785 433 2851 ὅςς’
476 2787 704 2867 ἔλαχεν
750 2790 957 2868 Τιτῆςι
1000 2790 1155 2867 μετὰ
1197 2791 1561 2869 προτέροιςι
1595 2793 1867 2864 ’θεοῑςιν,

296 2868 446 2933 ἀλλ’
476 2870 636 2949 ἔχει,
684 2872 774 2938 ὥς
801 2873 877 2938 τὸ
908 2880 1172 2952 πρῶτον
1205 2872 1542 2953 ἀπ’άρχῆς
1574 2872 1805 2938 ἔπλετο
1836 2871 2086 2951 δαςμός.
2116 2880 2215 2931 425

421 2953 595 3033 οὐδ’,
641 2954 740 3019 ὅτι
779 2957 1206 3035 μουνογενής,
1251 2956 1443 3035 ἦςςον
1487 2959 1603 3023 θεὰ
1644 2956 1879 3035 ἔμμορε
1908 2959 2115 3034 τιμῆς,

296 3121 396 3185 καὶ
435 3122 628 3199 γέρας
672 3122 743 3187 ἐν
786 3121 932 3205 γαίῃ
976 3142 1045 3187 τε
1087 3124 1188 3186 καὶ
1232 3123 1495 3205 οὐρανῷ
1538 3124 1652 3199 ἠδὲ
1695 3122 1999 3204 θαλάςςῃ,

298 3284 448 3350 ἀλλ’
490 3288 585 3353 ἔτι
626 3290 727 3353 καὶ
769 3290 936 3353 πολὺ
982 3291 1257 3366 μᾶλλον,
1304 3288 1441 3353 ἐπεὶ
1485 3288 1650 3353 Ζεὺς
1692 3288 1887 3353 τίεται
1929 3286 2144 3365 αὐτήν.

421 3372 474 3452 ᾧ
520 3373 589 3436 δ’
617 3372 851 3451 ἐθέλει,
894 3373 1186 3451 μεγάλως
1230 3372 1682 3451 παραγίγνεται
1724 3372 1833 3450 ἠδ’
1863 3370 2173 3448 ὀνίνηςιν,

429 3521 483 3559 v.
516 3508 634 3558 401.
672 3504 800 3557 ἑοὺς
