2507 3935
291 199 372 264 12
1080 195 1422 247 ΗΣῙοΔοΤ

411 364 595 429 αὗται
637 364 704 428 δ’
733 362 1043 426 Ὠκεανοῦ
1086 363 1187 425 καὶ
1230 360 1480 438 Τηθύος
1523 361 1895 435 ἐξεγένοντο

285 449 700 528 πρεςβύταται
739 449 990 524 κοῦραι·
1035 444 1273 508 πολλαί
1311 463 1385 519 γε
1430 444 1544 521 μέν
1590 443 1700 508 εἰςι
1742 447 1842 508 καὶ
1879 443 2095 510 ἄλλαι·
2186 480 2195 488 -

285 553 416 610 τρις
459 533 582 610 γὰρ
628 530 818 609 χίλιαί
862 529 972 593 είςι
1012 529 1407 607 τανύςφυροι
1450 526 1842 604 Ὠκεανῖναι,

289 615 356 680 αί
401 616 482 693 ῥα
525 614 959 691 πολυςπερέες
1000 615 1190 687 γαῖαν
1235 612 1335 674 καὶ
1379 611 1607 690 βένθεα
1650 611 1867 689 λίμνης
2112 617 2215 674 365

290 699 500 782 πάντῃ
548 698 723 776 ὁμῶς
767 697 1108 800 ἑφέπουςι,
1153 696 1365 761 θεάων
1412 695 1619 769 ἀγλαὰ
1660 695 1868 758 τέκνα.

421 784 630 846 τόςςοι
674 781 742 844 δ’
786 779 933 844 αὗθ
981 779 1189 858 ἕτεροι
1229 779 1522 856 Ποταμοῖ
1562 779 1889 856 καναχηδὰ
1934 777 2213 855 ῥέοντες,

288 866 453 930 υἱέες
496 864 838 940 Ὠκεανοῦ,
884 863 1035 927 τοὺς
1077 862 1335 938 γείνατο
1380 861 1613 925 πότνια
1654 863 1891 939 Τηθύς·

287 956 421 1014 τῶν
467 948 664 1026 ὄνομ’
709 947 1030 1026 ἀργαλέον
1073 947 1341 1011 πάντων
1387 947 1623 1025 βροτὸν
1668 944 1872 1024 ἄνδρα
1915 943 2211 1022 ἐνίςπειν,

289 1034 354 1097 οἳ
397 1033 468 1096 δὲ
513 1031 760 1095 ἕκαςτοι
801 1029 1024 1106 ἴςαςιν,
1070 1030 1136 1094 οἳ
1179 1030 1260 1094 ἂν
1305 1029 1801 1108 περιναιετάωςι.
2115 1037 2216 1089 370

420 1115 576 1180 Θεία
619 1116 686 1178 δ’
730 1115 982 1178 Ἠέλιόν
1025 1132 1093 1178 τε
1139 1113 1337 1190 μέγαν
1380 1114 1678 1192 λαμπράν
1722 1132 1790 1177 τε
1835 1112 2111 1190 Εελήνην

295 1201 428 1264 Ἠῶ
473 1201 560 1276 θ’,
604 1200 643 1276 ἣ
689 1199 1023 1263 πάντεςςιν
1066 1196 1475 1276 ἑπιχθονίοιςι
1518 1197 1770 1276 φαείνει

290 1282 628 1347 ἀθανάτοις
672 1302 741 1345 τε
785 1283 986 1356 θεοῖς,
1029 1281 1130 1344 τοὶ
1173 1281 1456 1357 οὐρανὸν
1502 1281 1694 1359 εὐρὺν
1741 1280 1987 1357 έχουςι,

289 1365 538 1443 γείναθ’
581 1364 994 1440 ὑποδμηθεῖς’
1035 1364 1417 1440 Ὑπερίονος
1461 1363 1533 1428 ἐν
1579 1361 1884 1442 φιλότητι.

421 1447 619 1530 Κρείω
664 1449 732 1511 δ’
775 1446 1040 1524 Εὐρυβίη
1085 1446 1266 1510 τέκεν
1310 1446 1383 1510 ἐν
1429 1446 1722 1527 φιλότητι
1764 1447 2003 1522 μιγεῖςα
2116 1453 2215 1504 375

289 1532 616 1610 Ἀςτραῖόν
661 1550 730 1595 τε
774 1530 973 1607 μέγαν
1016 1529 1368 1593 Πάλλαντά
1409 1549 1479 1594 τε
1521 1533 1626 1593 δῖα
1668 1528 1880 1593 θεάων

288 1615 542 1693 Πέρςην
587 1615 676 1689 θ’,
721 1614 796 1677 ὃς
839 1614 940 1676 καὶ
982 1615 1132 1676 πᾶςι
1175 1613 1565 1690 μετέπρεπεν
1610 1611 2026 1693 ἰδμοςύνῃςιν.

417 1697 717 1780 Ἀςτραίῳ
760 1697 829 1760 δ’
865 1696 1031 1760 Ἠὼς
1074 1697 1377 1774 Ἀνέμους
1420 1697 1561 1761 τέκε
1604 1694 2133 1774 καρτεροθύμους,

291 1781 600 1860 ἀργέςτην
645 1760 950 1858 Ζέφυρον
997 1779 1242 1856 Βορέην
1287 1781 1352 1842 τ’
1396 1779 1945 1858 αἰψηροκέλευθον

291 1865 392 1927 καὶ
440 1864 670 1941 Νότον,
716 1863 787 1927 ἐν
834 1861 1125 1942 φιλότητι
1169 1863 1286 1928 θεὰ
1328 1868 1455 1946 θεῷ
1501 1862 1845 1940 εὐνηθεῖςα.
2118 1870 2219 1922 380

292 1948 444 2012 τοὺς
490 1948 561 2012 δὲ
605 1947 746 2025 μέί·>
787 1945 1019 2025 ἀςτὲρα
1060 1945 1263 2013 τίκτεν
1308 1947 1679 2027 Ἑωςφόρον
1724 1945 2113 2025 Ἠριγένεια

297 2030 494 2110 ἄςτρα
537 2051 605 2095 τε
649 2030 1144 2109 λαμπετόωντα,
1186 2031 1270 2095 τά
1311 2051 1348 2093 τ
1360 2030 1689 2109 ὀὐρανὸς
1731 2030 2184 2109 ἐςτεφάνωται.

421 2198 574 2263 Ετύξ
617 2197 687 2261 δ’
714 2196 887 2261 ἔτεκ’
929 2196 1242 2261 Ὠκεανοῦ
1286 2197 1567 2277 θυγάτηρ
1607 2196 1937 2262 Πάλλαντι
1981 2199 2221 2274 μιγεῖςα

293 2282 511 2358 Ζῆλον
555 2282 657 2343 καὶ
703 2279 897 2357 Νίκην
939 2279 1373 2383 καλλίςφυρον
1418 2281 1491 2346 ἑν
1535 2281 1883 2359 μεγάροιςι,

292 2365 393 2427 καὶ
440 2364 681 2441 Κράτος
723 2362 838 2439 ἠδὲ
883 2362 1031 2440 Βίην
1077 2362 1427 2441 ἀριδείκετα
1468 2364 1723 2438 γείνατο
1770 2364 1977 2430 τέκνα.
2122 2372 2221 2425 385

419 2450 551 2512 τῶν
597 2446 713 2510 οὐκ
745 2446 880 2510 ἔςτ’
911 2445 1233 2511 ἀπάνευθε
1264 2448 1429 2511 Διὸς
1474 2447 1671 2524 δόμος
1715 2447 1869 2511 οὐδέ
1912 2468 2006 2512 τις
2049 2446 2221 2525 ἕδρη,

294 2530 446 2595 οὐδ>
483 2529 667 2605 ὁδός,
714 2529 891 2613 ὅππῃ
936 2532 1016 2608 μὴ
1061 2530 1293 2595 κείνοις
1336 2532 1483 2595 θεὸς
1524 2532 1917 2610 ἡγεμονεύει,

295 2614 447 2677 ἀλλ’
491 2613 609 2679 αἰεὶ
651 2614 782 2693 πὰρ
812 2594 971 2691 Ζηνι
1002 2615 1382 2698 βαρυκτύπῳ
1414 2615 1804 2694 ἑδριόωνται.

425 2695 516 2760 ὧς
558 2698 680 2775 γὰρ
729 2698 1066 2776 ἑβούλευςε
1111 2698 1265 2765 ctis}
1308 2678 1577 2779 ἄφθιτος
1622 2697 1950 2776 Ὠκεανίνη

293 2779 477 2857 ἤματι
519 2786 642 2863 τῷ,
691 2780 800 2844 ὅτε
843 2780 1088 2845 πάντας
1129 2782 1477 2859 Ὀλύμπιος
1519 2782 1953 2861 ἀςτεροπητὴς
2121 2788 2223 2842 390

297 2843 655 2928 ἀθανάτους
701 2864 992 2929 ἑκάλεςςε
1037 2866 1224 2929 θεους
1272 2866 1337 2929 ἐς
1382 2867 1626 2945 μακρὸν
1669 2867 2038 2943 Ὄλυμπον·

421 2945 561 3012 εἶπε
605 2947 693 3023 δ’,
741 2947 816 3010 ὃς
861 2948 940 3012 ἂν
985 2950 1140 3026 μετὰ
1184 2948 1281 3013 εἷο
1326 2954 1496 3015 θεῶν
1542 2951 1750 3027 Τιτῆςι
1793 2951 2091 3029 μάχοιτο,

299 3030 378 3107 μή
423 3032 550 3095 τιν’
595 3030 1006 3110 ἀπορραίςειν
1049 3033 1339 3111 γεράων,
1390 3035 1574 3112 τιμὴν
1618 3036 1688 3099 δὲ
1734 3034 1999 3097 ἕκαςτον

296 3112 510 3190 ἑξέμεν
555 3115 636 3191 ἣν
679 3115 754 3178 τὸ
799 3115 1010 3202 πάρος
1048 3135 1124 3191 γε
1166 3118 1307 3195 μετ’
1352 3116 1713 3182 άθανάτοιςι
1757 3119 1982 3181 θεοῖςι·

419 3196 537 3261 τὸν
555 3202 591 3260 δ
604 3198 800 3277 ’ἔφαθ
813 3199 850 3275 ³,
875 3198 948 3262 ὅς
963 3219 1056 3262 τις
1071 3198 1291 3278 ἄτιμος
1312 3200 1443 3265 ὑπὸ
1455 3202 1705 3279 Κρόνου
1732 3200 1809 3277 ἠδ
1822 3202 1838 3223 ³
1852 3200 2223 3279 ἀγέραςτος,

293 3281 471 3354 τιμῆς
513 3281 616 3343 καὶ
657 3281 914 3359 γεράων
959 3282 1363 3362 ἑπιβηςέμεν,
1407 3286 1447 3362 ἢ
1491 3285 1661 3364 θέμις
1704 3283 1889 3349 ἐςτίν.
2120 3288 2226 3343 396

429 3477 482 3512 v.
520 3464 635 3513 379.
675 3462 994 3531 Ἀργέςτην,
1029 3464 1294 3531 Ζέφυρον
