2507 3935
330 209 415 276 50
1085 207 1440 262 ΗΣΙοΔοΤ.

330 377 486 456 ἠὼς
530 375 653 456 γάρ
696 375 762 440 τ’
809 375 1026 454 ἔργοιο
1068 374 1283 453 τρίτην
1328 373 1733 454 ἀπομείρεται
1775 371 1979 440 αἶςαν.

329 528 520 592 Ἠώς
562 546 662 591 τοι
703 527 1019 607 προφέρει
1061 526 1175 603 μὲν
1221 524 1401 600 ὁδοῦ,
1446 525 1760 605 προφέρει
1799 527 1871 591 δὲ
1898 526 2002 590 καὶ
2030 525 2255 606 ἔργου·

329 612 518 688 ἠώς,
563 611 603 690 ἥ
647 630 716 678 τε
760 612 1032 690 φανεῖςα
1075 609 1319 673 πολέας
1359 609 1623 688 ἐπέβηςε
1666 608 1972 674 κελεύθου
2154 621 2259 672 580

334 694 750 775 ἀνθρώπους,
794 695 1088 758 πολλοῖςι
1130 694 1198 757 δ’
1241 693 1348 757 ἐπὶ
1390 694 1547 768 ζυγὰ
1592 694 1770 772 βουςὶ
1811 693 2062 772 τίθηςιν.

416 844 576 924 ἦμος
619 845 691 908 δὲ
736 844 1043 922 ςκόλυμός
1084 843 1148 908 τ’
1189 843 1399 919 ἀνθεῖ,
1445 844 1545 908 καὶ
1587 843 1784 921 ἠχέτα
1825 843 2023 910 τέττιξ

333 929 616 1012 δενδρέῳ
660 928 1052 1007 ἐφεζόμενος
1096 929 1361 1006 λιγυρὴν
1412 926 1787 1005 καταχεύετ’
1832 926 2059 1006 ἀοιδὴν

333 1013 579 1078 πυκνὸν
624 1011 753 1076 ὑπὸ
797 1011 1167 1090 πτερύγων,
1215 1012 1441 1090 θέρεος
1484 1011 1892 1088 καματώδεος
1938 1010 2111 1095 ὥρῃ,

331 1101 527 1175 τῆμος
569 1095 863 1160 πιόταταί
901 1096 964 1161 τ’
995 1093 1172 1170 αἶγες
1215 1095 1318 1158 καὶ
1362 1092 1544 1159 οἶνος
1587 1091 1860 1174 ἄριςτος,
2154 1105 2257 1157 585

333 1180 720 1259 μαχλόταται
763 1181 834 1244 δὲ
875 1182 1201 1256 γυναῖκες,
1247 1177 1691 1283 ἀφαυρότατοι
1732 1179 1805 1242 δέ
1835 1179 1866 1227 †
1893 1197 1995 1242 τοι
2023 1177 2257 1259 ἄνδρες

333 1264 514 1342 εἰςίν,
559 1263 697 1327 ἐπεὶ
738 1263 1029 1343 κεφαλὴν
1073 1263 1173 1326 καὶ
1214 1263 1503 1337 γούνατα
1547 1262 1785 1342 (Σείριος
1826 1261 1988 1338 ἄζει,
2230 1295 2241 1305 ·

335 1346 611 1412 αὐαλέος
655 1348 728 1410 δέ
771 1366 838 1409 τε
883 1348 1056 1425 χρὼς
1101 1345 1230 1410 ὑπὸ
1276 1345 1621 1423 καύματός·
1668 1344 1833 1410 ἀλλὰ
1873 1345 2015 1410 τότ’
2048 1347 2168 1426 ἤδη

333 1430 427 1509 εἴη
472 1430 734 1508 πετραίη
778 1449 847 1493 τε
891 1433 1021 1509 ςκιὴ
1066 1431 1167 1493 καὶ
1210 1429 1486 1509 βίβλινος
1530 1429 1743 1500 οἶνος,

331 1515 494 1594 μᾶζά
537 1515 600 1577 τ’
644 1512 992 1592 ἀμολγαίη,
1030 1513 1197 1590 γάλα
1237 1514 1304 1577 τ’
1348 1513 1551 1588 αἰγῶν
1597 1511 2109 1592 ςβεννυμενάων,
2152 1523 2255 1576 590

337 1599 438 1663 καὶ
483 1599 661 1700 βοὸς
683 1595 1047 1704 ὑλοφάγοιο
1093 1598 1280 1676 κρέας
1322 1597 1403 1676 μή
1448 1618 1553 1661 πω
1598 1597 1920 1675 τετοκυίης

332 1677 778 1762 πρωτογόνων
805 1702 842 1745 τ
857 1679 1182 1760 ’ἐρίφων·
1213 1681 1318 1745 ἐπὶ
1346 1683 1412 1745 δ’
1440 1679 1679 1746 αἴθοπα
1708 1680 1969 1759 πινέμεν
2000 1680 2250 1761 οἶνον,

336 1767 405 1831 ἐν
453 1773 585 1848 ςκιῇ
632 1765 972 1842 ἑζόμενον,
1019 1764 1452 1843 κεκορημένον
1494 1763 1655 1844 ἦτορ
1697 1765 1971 1842 ἐδωδῆς,

334 1849 556 1915 ἀντίον
599 1846 871 1926 ἀκραέος
911 1848 1218 1928 Ζεφύρου
1260 1849 1588 1926 τρέψαντα
1630 1849 1984 1927 πρόςωπον

333 1934 617 2013 κρήνης
660 1953 697 1997 τ
709 1930 998 1998 ’ἀενάου
1027 1933 1128 1997 καὶ
1159 1931 1563 2012 ἀπορρύτου,
1607 1931 1648 2011 ἥ
1676 1952 1715 1998 τ
1727 1932 2123 1998 ’.ἀθόλωτος
2150 1943 2251 1997 595

333 2067 480 2147 Τρὶς
523 2067 562 2131 ὕ
576 2072 613 2131 δ
627 2088 714 2132 ατ
729 2087 766 2132 ο
783 2087 816 2131 ς
859 2067 1183 2146 προχέειν,
1198 2090 1210 2099 ·
1225 2067 1303 2132 τὸ
1332 2066 1405 2131 δὲ’
1432 2066 1741 2146 τέτρατον
1767 2067 1956 2146 ,ἱέμεν
2000 2086 2039 2131 ο
2054 2066 2130 2134 ἵν
2143 2090 2183 2134 ο
2196 2089 2253 2135 υ.

417 2201 612 2281 δμωςὶ
654 2202 726 2267 δ’
769 2201 1147 2281 ἐποτρύνειν
1191 2202 1566 2281 Δημητερος
1607 2200 1785 2280 ἱερὸν
1832 2199 2029 2281 ἀκτὴν

333 2287 614 2364 δινέμεν,
660 2284 796 2349 εὖτ’
841 2286 922 2351 ἂν
966 2288 1192 2364 πρῶτα
1235 2290 1411 2368 φανῇ
1458 2287 1683 2350 ςθένος
1726 2284 2071 2364 Ὠρίωνος,

333 2370 528 2453 χώρῳ
575 2369 646 2434 ἐν
691 2368 863 2432 εὐαέι
905 2367 1006 2431 καὶ
1047 2349 1422 2452 ἐυτροχάλῳ
1466 2369 1539 2435 ἐν
1583 2368 1797 2451 ἀλωῇ·

333 2432 539 2537 μέτρῳ
584 2453 649 2515 δ’
679 2450 752 2516 εὖ
795 2446 1153 2530 κομίςαςθαι
1183 2452 1255 2516 ἐν
1287 2431 1557 2527 ἀγγεςιν.
1604 2452 1807 2532 αὐτὰρ
1836 2453 1997 2532 ἐπὴν
2028 2455 2107 2535 δὴ
2150 2464 2255 2518 600

333 2517 546 2603 πάντα
589 2536 729 2617 βίον
772 2537 1076 2615 κατάθηαι
1119 2536 1483 2615 ἐπάρμενον
1528 2536 1794 2603 ἔνδοθεν
1840 2536 2097 2615 οἴκου,

335 2688 492 2766 θῆτά
523 2709 561 2751 τ
571 2686 896 2752 ’ἄοικον
940 2688 1281 2763 ποιεῖςθαι,
1323 2687 1425 2751 και
1466 2685 1737 2753 ἄτεκνον
1783 2686 2029 2766 ἔριθον

334 2773 602 2837 δίζεςθαι
645 2772 930 2849 κέλομαι·
974 2772 1219 2850 χαλεπὴ
1266 2771 1333 2835 δ’
1378 2770 1732 2850 ὑπόπορτις
1776 2770 2013 2850 ἔριθος·

335 2922 434 2985 καὶ
475 2921 644 2985 κύνα
678 2920 1163 2999 καρχαρόδοντα
1205 2924 1424 2999 κομεῖν
1452 2958 1537 2967 —-
1564 2924 1647 3002 μὴ
1690 2923 1915 3003 φείδεο
1949 2922 2121 2988 ςίτου
2148 2960 2255 2999 -,

333 3006 413 3085 μή
457 3004 618 3070 ποτέ
649 3003 710 3070 ς’
737 3003 1150 3083 ἡμερόκοιτος
1193 3003 1357 3084 ἀνὴρ
1400 3004 1531 3069 ἀπὸ
1562 3005 1835 3085 χρήμαθ’
1867 3006 2109 3086 ἕληται·
2150 3015 2253 3069 605

332 3090 570 3169 χόρτον
614 3088 680 3153 τ’
722 3088 1032 3167 ἐςκομίςαι
1073 3088 1176 3154 καὶ
1218 3089 1567 3169 ςυρφετόν,
1614 3090 1793 3171 ὄφρα
1834 3110 1934 3154 τοι
1975 3089 2075 3171 εἴη

337 3175 510 3252 βουςὶ
553 3174 655 3237 καὶ
694 3172 1042 3251 ἡμιόνοιςιν
1085 3172 1460 3251 ἐπηετανόν.
1504 3174 1706 3252 αὐτὰρ
1751 3174 1970 3238 ἔπειτα

334 3260 549 3334 δμῶας
594 3255 915 3335 ἀναψῦξαι
957 3256 1116 3336 φίλα
1155 3256 1441 3331 γούνατα
1483 3258 1585 3321 καὶ
1629 3258 1741 3337 βόε
1783 3258 1983 3323 λῦςαι.

419 3338 555 3401 εὖτ’
586 3340 666 3405 ἂν
704 3341 774 3404 δ’
817 3339 1050 3419 Ὠρίων
1093 3340 1194 3405 καὶ
1237 3340 1475 3419 Εείριος
1518 3340 1585 3405 ἐς
1627 3341 1818 3421 μέςον
1862 3338 2017 3425 ἔλθῃ

467 3502 518 3538 v.
556 3491 672 3541 578.
709 3486 1073 3555 ἀπαμείρεται
1207 3508 1263 3549 v.
1298 3494 1421 3546 589.
1456 3490 1721 3557 Βύβλινος
