2507 3935
311 209 358 278 8
1109 205 1451 260 ΗΣτοΔοΤ

444 375 607 442 τίκτε
649 376 723 441 δὲ
760 375 862 439 καὶ
907 373 1192 452 Νέμεςιν,
1237 375 1415 450 πῆμα
1456 372 1737 450 θνητοῖςι
1778 372 2087 450 βροτοῖςι,
2144 381 2271 437 223.

323 462 451 528 Νὺξ
497 461 687 538 ὀλοή·
733 460 888 538 μετὰ
931 460 1049 536 τὴν
1093 457 1162 521 δ’
1202 456 1481 534 Ἀπάτην
1523 457 1663 521 τέκε
1704 455 1806 519 καὶ
1850 453 2164 532 Φιλότητα

322 545 521 623 Γῆράς
551 545 616 608 τ’
646 543 1024 620 οὐλόμενον,
1067 541 1169 606 καὶ
1210 541 1385 619 Ἔριν
1426 541 1567 604 τέκε
1597 539 2084 618 καρτερόθυμον.
2143 548 2244 598 225

451 627 650 707 αὐτὰρ
679 628 847 706 Ἔρις
891 627 1155 704 ςτυγερὴ
1200 625 1341 690 τέκε
1384 625 1498 702 μὲν
1526 623 1759 688 Πόνον
1803 622 2205 700 ἀλγινόεντα,

321 712 531 789 Λήθην
575 731 643 774 τε
689 710 883 788 Λιμόν
927 729 994 774 τε
1037 711 1141 772 και
1181 709 1418 783 Ἄλγεα
1460 707 1873 786 δακρυόεντα,

320 795 617 872 Ὑναςμίς
659 815 729 859 τε
775 793 1030 860 Φόνους
1073 813 1178 870 τε,
1225 792 1453 870 Μάχας
1498 791 1563 854 τ’
1606 789 2083 869 Ἀνδροκταςίας
2126 809 2217 868 τε,

324 878 550 942 Νείκεά
593 898 661 943 τε
705 877 958 942 Ψεύδεά
996 897 1100 960 τε,
1145 841 1396 952 Λόγους
1439 875 1851 954 Ἀμφιλογίας
1893 895 1995 951 τε,

321 962 690 1040 Δυςνομίην
734 962 926 1039 Ἄτην
971 980 1060 1037 τε,
1081 925 1413 1037 ςυνήθεας
1456 958 1829 1042 ἀλλήλῃςιν,
2145 965 2251 1018 230

319 1047 560 1124 Ὅρκον
591 1047 678 1121 θ’,
723 1045 799 1110 ὃς
842 1046 918 1122 δὴ
963 1047 1261 1109 πλεῖςτον
1304 1021 1709 1120 ἐπιχθονίους
1754 1040 2141 1120 ἀνθρώπους

320 1129 648 1208 πημαίνει,
693 1128 802 1194 ὅτε
845 1130 955 1194 κέν
1000 1148 1094 1192 τις
1137 1128 1303 1193 ἑκὼν
1349 1126 1652 1206 ἐπίορκον
1688 1125 1941 1209 ὀμόςςῃ.

454 1295 668 1375 Νηρέα
709 1297 778 1360 δ’
821 1295 1110 1374 ἀψευδέα
1151 1295 1252 1359 καὶ
1297 1293 1538 1372 ἀληθέα
1578 1293 1834 1369 γείνατο
1879 1292 2137 1358 Πόντος

321 1380 754 1459 πρεςβύτατον
799 1379 1077 1444 παίδων·
1123 1378 1327 1456 αὐτὰρ
1369 1377 1662 1442 καλέουςι
1702 1377 2001 1454 γέροντα,

323 1463 559 1527 οὕνεκα
602 1463 908 1542 νημερτής
950 1482 1019 1528 τε
1063 1463 1164 1526 καὶ
1204 1461 1412 1540 ἤπιος,
1460 1460 1615 1526 οὐδὲ
1655 1460 1993 1537 θεμιςτέων
2148 1467 2251 1520 235

323 1549 594 1625 λήθεται,
639 1547 806 1612 ἀλλὰ
849 1545 1055 1611 δίκαια
1097 1546 1199 1610 καὶ
1239 1546 1397 1624 ἤπια
1438 1545 1636 1623 δήνεα
1678 1544 1887 1609 οἶδεν·

450 1629 622 1695 αὖτις
667 1631 735 1694 δ’
761 1629 844 1694 αὖ
889 1630 1235 1708 Θαύμαντα
1275 1629 1475 1708 μέγαν
1520 1629 1621 1692 καὶ
1664 1627 1954 1706 ἀγήνορα
1996 1624 2252 1755 Φόρκυν

326 1714 472 1798 Γαίῃ
519 1715 894 1794 μιςγόμενος
935 1715 1038 1778 καὶ
1084 1714 1263 1791 Κητὼ
1308 1712 1765 1794 καλλιπάρῃον,

327 1777 634 1876 Εὐρυβίην
676 1800 742 1861 τ’
787 1797 1146 1875 ἀδάμαντος
1192 1797 1288 1860 ἐνὶ
1332 1796 1517 1875 φρεςὶ
1560 1773 1759 1871 θυμὸν
1805 1793 2097 1873 ἔχουςαν.

459 1881 711 1960 Νηρῆος
740 1881 807 1946 δ’
837 1882 1144 1955 ἐγένοντο
1190 1880 1489 1958 μεγήριτα
1529 1879 1721 1942 τέκνα
1749 1878 1961 1943 θεάων
2154 1885 2257 1937 240

330 1964 572 2047 πόντῳ
598 1965 669 2031 ἐν
715 1963 1041 2047 ἀτρυγέτῳ
1085 1965 1186 2029 καὶ
1227 1963 1532 2043 Δωρίδος
1574 1955 1903 2041 ἠυκόμοιο,

324 2049 560 2127 κούρης
604 2048 936 2113 Ὠκεανοῖο
979 2049 1321 2126 τελήεντος
1363 2050 1709 2125 ποταμοῖο·

321 2132 578 2210 Πρωτώ
621 2154 658 2196 τ
669 2132 1035 2213 Ἐὐκράντη
1078 2153 1170 2211 τε,
1216 2131 1359 2197 Εαώ
1402 2132 1469 2195 τ’
1510 2129 1869 2209 Ἀμφιτρίτη
1914 2149 2015 2209 τε,

329 2216 590 2295 Εὐδώρη
633 2236 704 2281 τε
748 2217 930 2281 Θέτις
974 2236 1066 2295 τε,
1112 2216 1357 2294 Γαλήνη
1401 2235 1471 2281 τε
1513 2215 1751 2293 Γλαύκη
1796 2234 1897 2277 τε·

455 2300 746 2378 Κυμοθόη
793 2300 1000 2364 Επειώ
1042 2320 1114 2365 τε
1157 2302 1311 2378 θοή,
1348 2298 1548 2377 Θαλίη
1591 2300 1658 2362 τ’
1688 2298 1979 2376 έρόεςςα,
2154 2302 2257 2355 245

324 2382 602 2459 Παςιθέη
647 2384 714 2446 τ’
757 2383 996 2462 Ἐρατώ
1039 2403 1110 2449 τε
1151 2384 1253 2447 καὶ
1299 2382 1555 2460 Εὐνείκη
1601 2380 2003 2460 ῥοδόπηχυς,

325 2466 428 2529 καὶ
474 2465 710 2545 Μελίτη
754 2466 1068 2545 χαρίεςςα,
1112 2467 1214 2531 καὶ
1258 2466 1559 2545 Εὐλιμένη
1605 2466 1707 2530 καὶ
1749 2464 2013 2540 Ἀγαυή,

327 2550 544 2614 Δωτώ
585 2569 655 2614 τε
698 2550 734 2600 '¹’
762 2550 1020 2630 Πρωτώ
1062 2569 1156 2629 τε,
1189 2550 1495 2629 Φέρουςά
1538 2568 1607 2615 τε
1648 2548 1998 2625 Δυναμένη
2037 2566 2144 2625 τε,

335 2633 569 2711 Νηςαίη
615 2654 684 2699 τε
727 2636 828 2699 καὶ
871 2635 1118 2713 Ἀκταίη
1161 2635 1264 2699 καὶ
1304 2633 1794 2713 Πρωτομέδεια·

461 2719 680 2796 Δωρὶς
723 2720 826 2783 καὶ
869 2718 1146 2796 Πανόπη
1192 2718 1293 2782 καὶ
1338 2718 1581 2796 εὐειδὴς
1628 2717 1951 2793 Γαλάτεια,
2157 2722 2261 2774 250
2369 2720 2375 2722 ’

327 2800 630 2879 Ἱπποθόη
676 2802 741 2865 τ’
784 2802 1046 2881 ἑρόεςςα
1087 2819 1190 2865 και
1233 2802 1533 2878 Ἱππονόη
1570 2799 1977 2879 ῥοδόπηχυς,

333 2882 661 2962 Κυμοδόκη
707 2886 794 2963 θ’,
838 2886 876 2963 ἢ
910 2886 1138 2964 κύματ’
1169 2885 1242 2950 έν
1288 2884 1596 2963 ἠεροειδέι
1638 2882 1861 2965 πόντῳ

330 2968 564 3033 πνοιάς
605 2988 675 3032 τε
718 2970 967 3036 ζαθέων
1011 2968 1269 3047 ἀνέμων
1316 2970 1428 3033 ςύν
1477 2968 1888 3051 Κυματολήγῃ

337 3051 477 3129 ῥεῖα
519 3055 788 3131 πρηΰνει
829 3054 933 3117 καὶ
973 3052 1277 3134 ἐυςφύρῳ
1323 3052 1710 3135 Ἀμφιτρίτῃ·

330 3201 403 3253 αἴ
428 3196 482 3251 τ’
521 3196 752 3283 ἀνδρῶν
787 3220 849 3257 τε
883 3204 1044 3257 θεῶν
1079 3221 1140 3257 τε
1173 3204 1567 3283 παραιβασιας
1602 3197 1923 3269 ἐφέπουσοιι
2164 3202 2265 3252 220

331 3261 613 3321 οὐδέποτε
615 3264 886 3350 λήγουσι
921 3268 1066 3323 θεαὶ
1101 3270 1321 3351 δεινοῖο
1322 3266 1575 3351 χόλοιο,

330 3336 466 3398 πρίν
501 3329 559 3401 γ’
597 3328 710 3387 ἀπὸ
749 3338 826 3406 τῷ
864 3330 1052 3389 δώωσι
1085 3332 1278 3405 κακὴν
1312 3331 1465 3399 ὄπιν,
1502 3328 1567 3397 ὅς
1604 3354 1690 3397 τις
1726 3326 1967 3403 ἁμάρτῃ.

465 3497 517 3535 v.
556 3487 671 3536 229.
706 3486 945 3549 ψευδέας
981 3502 1046 3542 τε
1081 3487 1298 3551 Λόγους
1435 3504 1487 3541 v.
1523 3490 1639 3541 253.
1678 3484 2040 3554 κυματολήγῃ
