2507 3935
1015 220 1407 274 ΘΕοΓοΝΙΑ.
2104 221 2181 285 11

273 389 376 470 τὴν
417 390 531 468 μὲν
573 389 871 466 Πήγαςος
918 387 1044 452 εἷλε
1085 388 1187 450 καὶ
1215 386 1438 451 ἐςθλὸς
1471 388 2013 467 Βελλεροφόντης.
2084 397 2183 450 325

385 475 423 550 ἣ
469 474 540 537 δ’
569 471 692 551 ἄρα
737 471 884 534 Φῖκ’
913 469 1116 549 ὀλοὴν
1161 471 1303 534 τέκε
1352 471 1739 549 Καδμείοιςιν
1784 470 2056 549 ὄλεθρον

275 557 479 638 Ὅρθῳ
525 555 950 633 ὑποδμηθεῖςα
997 555 1329 634 Νεμειαῖόν
1372 574 1441 618 τε
1486 555 1748 632 λέοντα,

277 640 378 704 τόν
421 639 492 718 ῤ’
520 640 683 718 ’Ἠρη
726 640 1016 717 θρέψαςα
1057 639 1223 704 Διὸς
1264 640 1460 717 κυδρὴ
1506 639 1872 716 παράκοιτις

276 727 586 798 γουνοῖςιν
630 723 966 787 κατέναςςε
1012 721 1303 800 Νεμείης,
1349 721 1511 799 πῆμ’
1554 721 1947 800 ἀνθρώποις·

273 807 398 872 ἔνθ’
425 805 506 886 ἄρ
525 809 542 831 ³
572 805 611 870 ὅ
639 807 711 882 γ’
741 807 992 871 οἰκείων
1039 805 1415 884 ἐλεφαίρετο
1461 806 1628 886 φῦλ’
1658 805 2045 884 ἀνθρώπων,
2084 815 2185 867 330

271 891 614 969 κοιρανέων
659 891 930 968 Τρητοῖο
980 889 1239 968 Νεμείης
1283 888 1395 966 ἠδ’
1436 889 1849 954 Ἀπέςαντος·

273 973 424 1038 ἀλλά
467 974 499 1038 ἑ
533 973 600 1038 ἲς
643 974 946 1052 ἐδάμαςςε
993 975 1126 1052 βίης
1169 972 1593 1051 Ἡρακληείης.

394 1059 572 1135 Κητὼ
619 1059 687 1121 δ’
729 1057 1096 1122 ὁπλότατον
1141 1057 1381 1134 Φόρκυι
1424 1057 1715 1137 φιλότητι
1758 1061 1996 1136 μιγεῖςα

271 1142 518 1217 γείνατο
564 1141 778 1206 δεινὸν
823 1139 1003 1219 ὄφιν,
1049 1142 1126 1204 ὃς
1169 1140 1433 1220 ἐρεμνῆς
1476 1140 1719 1205 κεύθεςι
1758 1141 1942 1218 γαίης

272 1225 547 1304 πείραςιν
593 1225 666 1292 ἐν
709 1224 1007 1303 μεγάλοις
1050 1225 1417 1302 παγχρύςεα
1460 1227 1625 1301 μῆλα
1667 1225 1984 1304 φυλάςςει.
2086 1233 2185 1285 335

271 1313 456 1372 τοῦτο
499 1310 614 1387 μὲν
659 1307 730 1372 ἐκ
778 1309 1017 1386 Κητοῦς
1062 1309 1162 1370 καὶ
1204 1306 1541 1385 Φόρκυνος
1583 1307 1777 1382 γένος
1819 1307 1960 1371 ἐςτί.

386 1478 594 1554 Τηθὺς
635 1479 701 1542 δ’
729 1476 1014 1562 Ὠκεανῷ
1057 1476 1402 1555 Ποταμοὺς
1445 1475 1587 1540 τέκε
1630 1477 1991 1554 δινήεντας,

269 1560 496 1625 Νεῖλόν
539 1562 606 1625 τ’
645 1561 944 1640 Ἀλφειόν
989 1581 1060 1624 τε
1104 1562 1206 1624 καὶ
1247 1560 1587 1637 Ἠριδανὸν
1633 1560 1997 1638 βαθυδίνην,

265 1643 590 1720 (τρυμόνα
635 1643 1009 1722 Μαίανδρόν
1052 1663 1122 1706 τε
1163 1644 1266 1706 καὶ
1306 1644 1546 1720 ’Ὶςτρον
1590 1643 2062 1722 καλλιρέεθρον,

267 1727 461 1791 Φᾶςίν
506 1747 576 1790 τε
619 1727 842 1803 Ῥῆςόν
888 1728 974 1804 τ’,
1021 1726 1361 1804 Ἀχελώιον
1408 1725 1855 1804 ἀργυροδίνην,
2088 1735 2189 1787 340

268 1811 505 1875 Νέςςον
548 1831 618 1875 τε
662 1811 914 1876 Ῥοδίον
960 1811 1027 1873 θ’
1054 1809 1432 1887 Ἁλιάκμονά
1475 1811 1540 1872 θ’
1568 1810 1971 1889 Ἑπτάπορόν
2015 1829 2115 1888 τε,

265 1893 564 1975 Γρήνικόν
606 1915 676 1959 τε
717 1896 819 1958 καὶ
860 1894 1163 1972 Αἴςηπον,
1207 1894 1383 1958 θεῖόν
1424 1913 1495 1958 τε
1540 1893 1883 1974 (ιμοῦντα,

264 1978 545 2055 Πηνειόν
588 2000 657 2043 τε
701 1981 801 2043 καὶ
843 1981 1101 2058 Ἕρμον,
1145 1979 1472 2058 ἐυρρείτην
1515 1999 1587 2043 τε
1632 1977 1883 2055 Κάικον,

266 2062 619 2141 (αγγάριόν
662 2083 731 2127 τε
775 2064 994 2142 μέγαν,
1039 2062 1318 2127 Λάδωνά
1358 2083 1429 2127 τε
1469 2062 1834 2140 Παρθένιόν
1876 2083 1979 2139 τε,

267 2146 513 2225 Εὔηνόν
556 2168 627 2211 τε
671 2148 772 2211 καὶ
813 2148 1194 2225 Ἄρδηςκον,
1240 2145 1415 2209 θεῖόν
1459 2166 1529 2208 τε
1574 2144 1999 2223 (κάμανδρον.
2088 2155 2190 2207 345

387 2231 554 2295 τίκτε
599 2232 670 2294 δὲ
712 2231 1083 2309 θυγατέρων
1126 2230 1304 2307 ἱερὸν
1346 2230 1573 2305 γένος,
1619 2229 1686 2292 αἳ
1728 2229 1887 2292 κατὰ
1929 2231 2117 2305 γαῖαν

263 2314 508 2395 ἄνδρας
548 2315 908 2391 κουρίζουςι
952 2315 1064 2379 ςὺν
1109 2313 1469 2379 Ἀπόλλωνι
1512 2310 1731 2377 ἄνακτι

260 2400 364 2463 καὶ
392 2398 752 2476 Ποταμοῖς,
795 2399 1030 2476 ταύτην
1076 2400 1148 2463 δέ
1177 2398 1341 2461 Διὸς
1386 2397 1561 2476 πάρα
1604 2401 1833 2476 μοῖραν
1880 2396 2123 2477 ἔχουςι,

257 2483 477 2547 Πειθώ
519 2483 587 2547 τ’
627 2483 892 2561 Ἀδμήτη
935 2502 1038 2562 τε,
1082 2482 1283 2560 Ἰάνθη
1327 2483 1393 2547 τ’
1434 2482 1735 2561 Ἠλέκτρη
1780 2502 1881 2559 τε,
1998 2498 2003 2503 ·

259 2566 488 2645 Δωρίς
529 2588 600 2631 τε
642 2568 928 2647 Πρυμνώ
973 2588 1043 2631 τε
1083 2568 1185 2629 καὶ
1229 2566 1511 2644 Οὐρανίη
1556 2566 1869 2641 θεοειδής,
2090 2573 2193 2625 350

256 2650 459 2714 Ἱππώ
502 2671 573 2715 τε
621 2652 901 2729 Κλυμένη
946 2671 1046 2725 τε,
1091 2649 1343 2713 Ῥόδειά
1384 2669 1454 2711 τε
1501 2646 1812 2724 Καλλιρόη
1857 2667 1959 2725 τε,

390 2733 609 2799 Ζευξώ
653 2754 723 2797 τε
770 2733 991 2810 Κλυτίη
1035 2752 1136 2809 τε,
1178 2732 1365 2795 Ἰδυῖά
1408 2752 1478 2795 τε
1519 2730 1816 2808 Πειςιθόη
1861 2750 1965 2809 τε,

255 2818 606 2897 Πληξαύρη
650 2837 719 2882 τε
766 2817 1128 2895 Γαλαξαύρη
1172 2817 1238 2880 τ’
1280 2816 1471 2894 ἐρατή
1517 2836 1585 2879 τε
1628 2815 1886 2893 Διώνη,

258 2902 629 2980 Μηλόβοςίς
674 2922 743 2965 τε
788 2901 923 2979 Θόη
968 2921 1037 2964 τε
1079 2902 1182 2963 καὶ
1225 2900 1473 2978 εὐειδὴς
1515 2899 1909 2977 Πολυδώρη,

258 2985 526 3063 Κερκηίς
567 3005 636 3049 τε
681 2987 852 3063 φυὴν
897 2984 1119 3063 ἐρατή,
1161 2984 1445 3048 Πλουτώ
1488 3004 1559 3049 τε
1604 2986 1877 3062 βοῶπις,
2092 2990 2192 3042 355

255 3066 538 3147 Περςηίς
581 3070 650 3132 τ’
693 3068 956 3147 Ἰάνειρά
997 3070 1066 3131 τ’
1109 3068 1366 3144 Ἀκάςτη
1408 3088 1479 3131 τε
1524 3067 1741 3144 Ξάνθη
1785 3086 1887 3142 τε,

392 3152 673 3231 Πετραίη
718 3154 784 3215 τ>
826 3153 1119 3231 ἐρόεςςα,
1168 3151 1491 3215 Μενεςθώ·
1516 3151 1583 3213 τ’
1627 3149 1898 3226 Εὐρώπη
1942 3167 2043 3225 τε,

255 3235 473 3313 Μῆτίς
511 3236 579 3312 τ’
623 3236 952 3315 Εὐρυνόμη
997 3254 1100 3312 τε,
1144 3234 1433 3299 Τελεςθώ
1476 3254 1546 3297 τε
1588 3232 2065 3310 κροκόπεπλος,

251 3318 570 3399 ’ἓΚρυςηίς
613 3321 677 3383 τ’
707 3320 870 3399 Ἀςίη
915 3340 985 3383 τε
1027 3321 1128 3383 καὶ
1169 3316 1497 3397 ἱμερόεςςα
1544 3318 1855 3395 Καλυψώ,

251 3402 529 3482 Εὐδώρη
574 3424 644 3469 τε
687 3404 860 3482 Τύχη
904 3424 972 3468 τε
1017 3405 1115 3467 καὶ
1159 3403 1442 3482 Ἀμφιρὼ
1486 3399 1757 3479 Ὠκυρόη
1802 3420 1903 3471 τε,
2092 3406 2191 3457 360

249 3487 372 3553 καὶ
414 3487 604 3565 Ετύξ,
645 3488 690 3567 ἢ
733 3488 810 3567 δή
856 3507 1073 3569 ςφεων
1117 3484 1603 3569 προφερεςτάτη
1646 3483 1808 3549 ἑςτὶν
1853 3479 2171 3545 ἁπαςέων.
