2507 3935
323 138 422 224 '40
1129 157 1470 210 ΗΣῙοΔοΤ

331 326 524 392 τόνδε
566 325 691 405 γὰρ
733 321 1126 403 ἀνθρώποιςι
1169 323 1374 402 νόμον
1419 323 1659 391 διέταξε
1703 322 2030 404 Κρονίων,

330 408 530 489 ἰχθύςι
572 411 687 488 μὲν
732 409 834 471 καὶ
876 408 1053 487 θηρςὶ
1094 407 1194 471 καὶ
1236 406 1499 472 οἰωνοῖς
1543 411 1878 487 πετεηνοῖς

333 493 537 559 ἔςθειν
581 491 936 570 ἀλλήλους,
982 489 1120 555 ἐπεὶ
1164 490 1243 555 οὐ
1287 491 1457 571 δίκη
1501 491 1666 557 ἐςτὶν
1710 493 1783 558 ἐν
1829 492 2077 557 αὐτοῖς·

332 575 723 657 ἀνθρώποιςι
763 575 833 640 δ’
875 574 1076 640 ἔδωκε
1119 573 1375 653 δίκην,
1416 576 1457 652 ἣ
1501 575 1750 642 πολλὸν
1795 575 2009 655 ἀρίςτη

331 743 631 822 γίγνεται.
675 742 731 808 εἰ
755 741 880 820 γάρ
921 739 1016 807 τίς
1057 743 1124 806 κ’
1125 742 1338 851 ἐθέλῃ
1381 743 1460 807 τὰ
1502 743 1737 807 δίκαι’
1767 743 2108 823 ἀγορεῦςαι
2160 751 2267 807 280

331 829 738 905 γιγνώςκων,
780 832 874 910 τῷ
919 826 1033 904 μέν
1075 845 1114 890 τ
1125 824 1376 906 ’ὄλβον
1419 829 1587 892 διδοῖ
1628 827 1918 906 εὐρύοπα
1958 826 2151 895 Ζεύς·

337 911 411 977 ὃς
455 911 528 976 δέ
573 931 642 974 κε
686 876 1086 993 μαρτυρίῃςιν
1131 908 1296 974 ἑκὼν
1341 908 1702 990 ἐπίορκον
1746 911 2021 989 ὀμόςςας

337 994 667 1074 ψεύςεται,
711 993 784 1058 ἐν
830 994 902 1057 δὲ
945 970 1168 1070 δίκην
1213 993 1467 1074 βλάψας
1507 993 1811 1072 νήκεςτον
1840 995 1873 1044 2*
1906 994 2136 1075 ἀάςθη,

335 1081 452 1144 τοῦ
495 1079 568 1141 δέ
610 1076 678 1140 τ’
723 1075 1124 1155 ἀμαυροτέρη
1165 1077 1358 1155 γενεὴ
1405 1077 1735 1157 μετόπιςθε
1780 1077 2130 1144 λέλειπται·

337 1161 578 1242 ἀνδρὸς
620 1161 690 1225 δ’
734 1160 1009 1239 εὐόρκου
1050 1162 1241 1240 γενεὴ
1286 1162 1658 1241 μετόπιςθεν
1705 1162 1998 1240 ἀμείνων.
2166 1170 2264 1223 285

423 1329 520 1392 ςοὶ
560 1328 629 1391 δ’
658 1327 788 1403 ἐγὼ
819 1326 1058 1390 ἐςθλὰ
1086 1327 1346 1393 νοέων
1376 1327 1574 1406 ἐρέω,
1618 1328 1779 1406 μέγα
1806 1329 1992 1407 νήπιε
2020 1330 2263 1409 Πέρςη·

333 1414 454 1491 τήν
498 1411 615 1490 μέν
658 1430 758 1477 τοι
801 1409 1114 1488 κακότητα
1155 1410 1258 1474 καὶ
1298 1409 1521 1475 ἰλαδὸν
1564 1409 1729 1477 ἐςτιν
1774 1412 2022 1478 ἑλέςθαι

340 1494 625 1576 ῥηιδίως·
671 1493 854 1572 ὀλίγη
898 1493 1013 1572 μὲν
1058 1491 1246 1571 ὁδός,
1290 1495 1457 1574 μάλα
1497 1495 1566 1558 δ’
1595 1495 1815 1570 ἐγγύθι
1857 1497 2047 1562 ναίει·

336 1585 449 1658 τῆς
493 1580 563 1642 δ’
607 1578 837 1657 ἀρετῆς
878 1577 1119 1655 ἱδρῶτα
1161 1578 1300 1642 θεοὶ
1340 1578 1780 1656 προπάροιθεν
1826 1578 2055 1658 ἔθηκαν

339 1663 674 1728 ἀθάνατοι·
717 1661 955 1742 μακρὸς
998 1661 1071 1724 δὲ
1112 1661 1213 1724 καὶ
1256 1659 1472 1739 ὄρθιος
1517 1661 1701 1741 οἶμος
1744 1663 1811 1726 ἐς
1854 1665 2053 1742 αὐτὴν
2163 1670 2267 1725 290

339 1748 439 1810 καὶ
479 1745 714 1825 τρηχὺς
756 1745 832 1808 τὸ
874 1749 1167 1822 πρῶτον·
1211 1745 1374 1822 ἐπὴν
1418 1747 1488 1809 δ’
1532 1745 1619 1810 εἰς
1660 1745 1859 1824 ἄκρον
1900 1745 2137 1824 ἵκηται,

342 1829 545 1909 ῥηιδίη
589 1829 668 1907 δὴ
714 1826 932 1892 ἔπειτα
974 1827 1154 1892 πέλει
1197 1829 1445 1907 χαλεπή
1489 1849 1612 1910 περ
1653 1829 1859 1894 ἐοῦςα.

427 1994 636 2062 Οὗτος
678 1996 794 2075 μὲν
836 1995 1262 2075 πανάριςτος,
1307 1997 1383 2062 ὃς
1427 1998 1603 2081 αὐτῷ
1647 1998 1858 2064 πάντα
1898 1997 2137 2080 νοήςῃ

343 2080 816 2185 φραςςάμενος,
859 2080 940 2144 τά
982 2080 1048 2143 κ’
1079 2079 1300 2146 ἔπειτα
1341 2082 1444 2145 καὶ
1483 2082 1552 2147 ἐς
1592 2082 1778 2146 τέλος
1822 2083 1957 2166 ῇςιν
2001 2080 2269 2161 ἀμείνω·

344 2165 566 2231 ἐςθλὸς
608 2164 676 2230 δ’
716 2162 801 2227 αὖ
843 2162 1170 2241 κάκεῖνος,
1217 2166 1293 2229 ὃς
1336 2163 1408 2230 εὖ
1452 2164 1696 2231 εἰπόντι
1739 2165 2005 2244 πίθηται.
2170 2174 2269 2227 295

344 2248 422 2314 ὃς
461 2249 534 2313 δέ
577 2268 646 2312 κε
689 2247 836 2325 μήτ
880 2247 1052 2330 αὐτῷ
1097 2250 1290 2331 νοέῃ
1335 2249 1483 2327 μήτ’
1525 2249 1729 2314 ἄλλου
1774 2248 2033 2316 ἀκούων

347 2331 419 2399 ἐν
463 2334 642 2414 θυμῷ
688 2330 1026 2409 βάλληται,
1072 2330 1111 2393 ὃ
1157 2332 1228 2395 δ’
1273 2329 1422 2395 αὖτ’
1467 2332 1732 2411 ἀχρήιος
1774 2333 1955 2411 ἀνήρ.

430 2498 596 2564 ἀλλὰ
638 2497 713 2563 ςύ
753 2498 824 2574 γ’
863 2497 1166 2577 ἡμετέρης
1207 2500 1603 2579 μεμνημένος
1646 2498 1781 2567 αἰὲν
1826 2501 2103 2580 ἐφετμῆς

347 2580 709 2664 ἐργάζευ,
753 2582 1000 2661 Πέρςη,
1044 2584 1188 2647 δῖον
1231 2583 1451 2662 γένος,
1496 2583 1676 2665 ὄφρα
1718 2604 1783 2649 ςε
1829 2585 2007 2663 λιμὸς

346 2666 638 2751 ἐχθαίρῃ,
684 2668 872 2750 φιλέῃ
915 2667 987 2731 δέ
1031 2668 1093 2729 ς’
1135 2666 1533 2748 ἐυςτέφανος
1575 2668 1879 2747 Δημήτηρ
2170 2675 2272 2729 300

349 2752 586 2829 αἰδοίη,
633 2748 898 2830 βιότου
941 2751 1014 2814 δέ
1055 2751 1206 2829 τεὴν
1249 2753 1282 2799 †
1325 2752 1707 2830 πίμπληςι
1748 2751 2062 2829 καλιήν·

349 2836 532 2916 λιμὸς
575 2833 698 2913 γάρ
740 2852 841 2897 τοι
883 2833 1149 2912 πάμπαν
1196 2834 1458 2918 ἀεργῷ
1504 2834 1834 2917 ςύμφορος
1878 2834 2078 2915 ἀνδρί.

438 3004 548 3088 Τῷ
591 3003 664 3067 δὲ
705 3003 842 3066 θεοὶ
883 3004 1182 3081 νεμεςῶςι
1223 3004 1327 3067 καὶ
1371 2976 1624 3083 ἀνέρες,
1670 3002 1745 3068 ὅς
1787 3021 1897 3069 κεν
1942 3001 2233 3084 ἀεργὸς

352 3090 515 3174 ζώῃ,
560 3086 899 3168 κηφήνεςςι
942 3086 1281 3167 κοθούροις
1326 3086 1567 3153 εἴκελος
1610 3086 1834 3167 ὁρμήν,

491 3258 540 3293 v.
575 3243 693 3296 280.
729 3238 1024 3304 ἀγορεύειν
1159 3256 1212 3291 v.
1237 3240 1356 3294 283.
1392 3236 1577 3304 βλάψῃ
1612 3238 1885 3303 νήκεςτον
1920 3236 2143 3292 ἀαςθείς

352 3322 406 3360 v.
442 3308 558 3358 288.
597 3305 719 3372 λείη
758 3306 860 3371 μὲν
895 3305 1027 3359 ὁδός
1121 3320 1217 3361 ν.
1239 3308 1357 3358 290.
1394 3304 1494 3358 ἐπ’
1528 3305 1711 3370 αὐτὴν
1879 3322 1932 3359 v.
1970 3308 2087 3359 291.
2124 3304 2274 3368 ἵκηαι

488 3388 542 3423 v.
577 3376 694 3425 293.
727 3370 905 3425 αὐτὸς
941 3371 1130 3425 πάντα
1298 3389 1350 3425 v.
1388 3374 1507 3427 296.
1554 3372 1728 3427 αὐτὸς
1764 3372 1897 3439 νοέῃ
2068 3389 2121 3425 v.
2159 3375 2275 3425 304.

354 3436 648 3503 κοτούροις
781 3437 963 3506 ὀργήν
