2507 3935
1044 223 1437 280 οΕοΓοΝιΑ.
2164 228 2215 294 9

423 389 612 470 Κυμώ
654 390 725 454 τ’
765 389 981 468 Ἠιόνη
1025 410 1115 469 τε,
1160 391 1551 470 ἐυςτέφανός
1596 392 1665 455 θ’
1711 392 2023 472 Ἁλιμήδη,
2109 405 2209 456 255

289 473 696 554 Γλαυκονόμη
740 493 809 538 τε
854 476 1270 553 φιλομμειδὴς
1312 475 1413 539 καὶ
1453 475 1925 556 Ποντοπόρεια,

286 557 598 636 Λειαγόρη
641 577 710 622 τε
752 557 852 621 καὶ
897 557 1185 636 Εὐαγόρη
1231 559 1334 623 καὶ
1375 558 1755 636 Λαομέδεια,

285 641 678 720 Πουλυνόμη
721 660 790 706 τε
834 642 934 705 καὶ
975 641 1265 720 Αὐτονόη
1310 643 1410 707 καὶ
1453 642 1859 722 Λυςιάναςςα,

286 725 532 804 Εὐάρνη
577 745 646 789 τε
690 725 864 804 φυήν
907 725 974 790 τ’
999 726 1190 804 ἐρατὴ
1235 727 1337 790 καὶ
1380 726 1553 791 εἶδος
1597 725 1887 805 ἄμωμος·

413 811 516 872 καὶ
557 809 821 888 Ψαμάθη
867 809 1158 888 χαρίεςςα
1201 811 1395 887 δέμας
1437 811 1536 888 δίη
1580 829 1649 874 τε
1696 811 2031 888 Μενίππη,
2106 819 2208 872 260

288 893 473 970 Νηςώ
518 894 586 957 τ’
617 892 921 971 Εὐπόμπη
966 913 1072 969 τε,
1118 893 1401 972 Θεμιςτώ
1444 914 1513 959 τε
1541 893 1810 971 Προνόη
1855 914 1951 971 τε,

288 977 612 1055 Νημερτής
655 978 742 1054 θ’,
785 977 824 1053 ἣ
871 977 1117 1054 πατρὸς
1159 975 1291 1056 ἔχει
1334 977 1496 1043 νόον
1542 977 1907 1042 ἀθανάτοιο.

289 1058 470 1124 αὗται
512 1061 627 1139 μὲν
674 1060 928 1138 Νηρῆος
973 1060 1298 1139 ἀμύμονος
1344 1061 1718 1137 ἐξεγένοντο

285 1147 509 1222 κοῦραι
553 1145 971 1220 πεντήκοντα,
1016 1144 1315 1222 ἀμύμονα
1358 1145 1500 1223 ἔργ’
1544 1144 1779 1209 εἰδυῖαι.
1872 1211 1901 1217 ,

413 1227 672 1306 Θαύμας
715 1232 752 1291 δ
769 1228 788 1251 ’
829 1225 1162 1292 Ὠκεανοῖο
1208 1227 1620 1307 βαθυρρείταο
1665 1228 1945 1307 θύγατρα
2109 1237 2207 1290 265

283 1307 542 1389 ἠγάγετ’
591 1310 961 1389 Ἠλέκτρην·
1005 1312 1044 1388 ἢ
1091 1311 1163 1376 δ’
1206 1311 1438 1376 ὠκεῖαν
1480 1311 1661 1376 τέκεν
1705 1310 1879 1389 Ἰριν,

283 1395 602 1472 ἠυκόμους
643 1396 710 1458 θ’
753 1394 1092 1472 “Ἀρπυιας,
1137 1394 1377 1459 Ἀελλώ
1422 1395 1487 1458 τ’
1520 1394 1869 1472 Ὠκυπέτην
1912 1414 2024 1474 τε,

285 1477 354 1541 αἵ
399 1478 466 1556 ῤ’
511 1478 768 1556 ἀνέμων
812 1485 1065 1561 πνοιῇςι
1106 1479 1206 1542 καὶ
1251 1477 1510 1544 οἰωνοῖς
1554 1477 1666 1557 ἅμ’
1710 1478 1975 1542 ἕπονται

286 1561 512 1645 ὠκείῃς
558 1562 954 1639 πτερύγεςςι·
997 1562 1405 1640 μεταχρόνιαι
1444 1563 1569 1640 γὰρ
1610 1561 1856 1626 ἴαλλον.

415 1729 657 1808 Φόρκυϊ
684 1730 752 1792 δ’
781 1728 861 1792 αὐ
896 1729 1076 1806 Κητὼ
1110 1729 1335 1808 Γραίας
1362 1729 1504 1795 τέκε
1532 1731 2022 1812 καλλιπαρῄους,
2107 1737 2208 1790 270

284 1812 356 1877 ἑκ
397 1817 660 1890 γενετῆς
704 1813 962 1890 πολιάς,
1006 1813 1121 1876 τὰς
1163 1815 1240 1890 δὴ
1291 1814 1515 1892 Γραίας
1555 1812 1887 1877 καλέουςιν

289 1897 596 1960 ἀθάνατοί
637 1916 708 1961 τε
749 1898 886 1960 θεοὶ
928 1896 1119 1977 χαμαὶ
1161 1896 1499 1977 ἐρχόμενοί
1542 1898 1603 1961 τ’
1647 1895 2009 1976 ἄνθρωποι,

283 1980 596 2060 Πεφριδώ
642 1982 706 2045 τ’
749 1980 1076 2047 ἐύπεπλον
1121 1982 1323 2046 Ἐνυώ
1367 2002 1436 2047 τε
1478 1981 1957 2061 κροκόπεπλον·

415 2066 693 2142 Γοργούς
732 2067 821 2141 θ’,
865 2064 934 2128 αἳ
976 2064 1222 2129 ναίουςι
1262 2066 1468 2145 πέρην
1510 2069 1746 2130 κλυτοῦ
1789 2063 2123 2129 Ὠκεανοῖο

284 2148 534 2233 ἐςχατιῇ
578 2150 744 2227 πρὸς
787 2148 1045 2224 νυκτός,
1087 2147 1182 2213 ἵν’
1224 2149 1576 2229 Ἐςπερίδες
1619 2149 1996 2227 λιγύφωνοι,
2109 2158 2208 2209 275

287 2212 520 2298 Εθεινώ
566 2234 630 2296 τ’
673 2232 958 2311 Εὐρυάλη
1002 2251 1072 2295 τε
1119 2232 1419 2298 Μέδουςά
1460 2252 1529 2298 τε
1572 2233 1774 2312 λυγρὰ
1816 2234 2123 2296 παθοῦςα.

284 2316 322 2393 ἢ
369 2318 482 2393 μὲν
528 2316 640 2395 ἔην
686 2317 912 2394 θνητή,
945 2316 1012 2379 αἰ
1042 2316 1110 2379 δ’
1153 2315 1464 2382 ἀθάνατοι
1507 2316 1607 2380 καὶ
1650 2316 1905 2399 ἀγήρῳ,

285 2398 348 2463 αι
389 2400 541 2464 δύο·
586 2407 662 2484 τῇ
707 2401 778 2465 δὲ
820 2406 924 2483 μιῇ
969 2402 1360 2479 παρελέξατο
1410 2400 1840 2479 Κυανοχαίτης

284 2484 354 2549 ἐν
401 2486 661 2567 μαλακῷ
707 2487 965 2562 λειμῶνι
1008 2485 1110 2549 καὶ
1153 2484 1406 2550 ἄνθεςιν
1452 2484 1786 2563 εἰαρινοῖςι.
2108 2490 2210 2543 279

413 2571 527 2645 τῆς
569 2570 637 2632 δ’
681 2567 792 2632 ὅτε
835 2570 912 2647 δὴ
958 2569 1238 2646 Περςεὺς
1281 2570 1571 2647 κεφαλὴν
1615 2566 2207 2645 ἀπεδειροτόμηςεν,

292 2650 549 2729 ἐξέθορε
591 2652 630 2702 ί·
675 2652 981 2729 Χρυςάωρ
1024 2671 1094 2715 τε
1136 2653 1333 2729 μέγας
1373 2653 1476 2714 καὶ
1516 2651 1815 2727 Πήγαςος
1854 2648 2083 2713 ἵππος·

285 2740 376 2819 τῷ
413 2736 526 2812 μὲν
571 2735 918 2815 ἐπώνυμον
961 2734 1060 2813 ἦν,
1109 2733 1212 2797 ὅτ’
1256 2733 1369 2814 ἄρ’
1411 2733 1721 2800 Ὠκεανοῦ
1764 2734 1908 2813 περὶ
1950 2734 2155 2810 πηγὰς

283 2797 488 2896 γένθ’,
535 2820 572 2883 ὃ
620 2821 686 2884 δ’
733 2819 857 2898 ἄορ
899 2820 1192 2898 χρύςειον
1237 2818 1409 2898 ἔχων
1454 2819 1608 2897 μετὰ
1652 2819 1824 2897 χερςὶ
1868 2818 2109 2901 φίλῃςι·

284 2900 380 2978 χω
427 2904 540 2981 μὲν
587 2902 1040 2981 ἀποπτάμενος
1085 2904 1422 2982 προλιπὼν
1466 2902 1671 2981 χθόνα
1712 2902 1947 2981 μητέρα
1990 2902 2210 2979 μήλων

282 2983 446 3049 ι’κετ’
487 2986 556 3050 ἐς
600 2988 986 3063 ἀθανάτους,
1031 2986 1245 3064 Ζηνὸς
1290 2988 1359 3050 δ’
1400 2987 1473 3052 ἐν
1518 2987 1755 3064 δώμαςι
1797 2986 1988 3060 ναίει,
2110 2992 2209 3044 285

293 3071 566 3148 βροντήν
611 3091 679 3141 τε
725 3072 1037 3151 ςτεροπήν
1084 3091 1151 3136 τε
1196 3071 1422 3150 φέρων
1464 3071 1574 3133 Διὶ
1616 3070 1946 3148 μητιόεντι.

413 3154 720 3235 Χρυςάωρ
765 3158 832 3219 δ’
877 3156 1050 3219 ἔτεκε
1080 3152 1116 3202 '¹’
1145 3154 1534 3233 τρικέφαλον
1582 3154 1910 3230 Γηρυονῆα
1974 3176 1989 3193 ·

289 3239 526 3315 μιχθεὶς
573 3239 887 3322 Καλλιρόῃ
930 3238 1128 3322 κούρῃ
1172 3240 1407 3302 κλυτοῦ
1450 3235 1811 3301 Ὠκεανοῖο·

419 3456 472 3492 ν.
510 3443 609 3493 261
647 3457 730 3506 sq.
764 3438 822 3493 Π
859 3440 1031 3559 ονόηδ
1035 3456 1100 3495 τε
1134 3439 1448 3506 νημερτής,
1482 3437 1523 3503 ἢ
1702 3454 1754 3495 v.
1792 3442 1909 3494 2¹70.
1946 3430 2209 3489 καλλιπά-

287 3514 424 3570 ρῃος
559 3522 613 3559 v.
640 3512 756 3561 2¹73.
851 3507 1084 3575 εφρηδώ
