2507 3935
337 164 425 230 24
1133 166 1472 220 ΗΣΙοΔοει·

339 335 514 411 δεινὴ
563 333 748 410 (τύξ,
795 333 1072 412 Θυγάτηρ
1117 333 1457 412 ἀψορρόου
1500 333 1847 400 Ὠκεανοῖο

339 418 762 496 πρεςβυτάτη·
807 417 1040 496 νόςφιν
1085 420 1157 484 δὲ
1199 421 1368 482 θεῶν
1413 419 1609 482 κλυτὰ
1650 419 1911 496 δώματα
1951 416 2115 482 ναίει

339 507 642 584 μακρῇςιν
687 504 944 584 πέτρῃςι
985 502 1363 581 κατηρεφέ’·
1410 501 1570 583 ἀμφὶ
1612 503 1683 565 δὲ
1726 502 1935 585 πάντῃ

338 583 537 650 κίοςιν
583 585 941 664 ἀργυρέοιςι
985 587 1151 664 πρὸς
1196 586 1483 664 οὐρανὸν
1528 586 1886 664 έςτήρικται.

470 673 689 748 παῦρα
718 671 788 734 δὲ
819 669 1196 747 Θαύμαντος
1227 669 1505 748 θυγάτηρ
1533 670 1740 736 πόδας
1770 669 1937 734 ὠκέα
1965 667 2113 747 Ἶρις
2165 676 2269 728 780

347 749 604 831 ἀγγελίη
651 755 956 816 πωλεῖται
997 754 1108 816 ἐπ’
1153 753 1349 832 εὐρέα
1386 757 1564 818 νῶτα
1604 753 1941 832 θαλάςςης,
1990 755 1999 764 ’

340 835 586 900 ὁππότ’
631 833 760 915 ἔρις
803 837 905 900 καὶ
948 840 1158 902 νεῖκος
1199 837 1273 901 ἐν
1319 836 1720 902 ἀθανάτοιςιν
1764 835 2015 915 ὄρηται,

338 919 440 982 καί
485 919 555 996 ῥ’
599 919 674 983 ὅς
718 941 810 984 τις
853 921 1162 999 ψεύδηται
1205 921 1519 998 Ὀλύμπια
1560 922 1803 998 δώματ’
1848 920 2165 999 ἑχόντων·

339 1001 503 1066 Ζεὺς
547 1003 617 1066 δέ
662 1023 730 1067 τε
771 1003 922 1082 Ἶριν
969 1003 1216 1084 ἔπεμψε
1260 1009 1430 1068 θεῶν
1460 1006 1657 1081 μέγαν
1705 1004 1903 1083 ὅρκον
1948 1003 2182 1068 ἐνεῖκαι

337 1085 605 1163 τηλόθεν
651 1087 722 1151 ἐν
767 1087 995 1171 χρυςέῃ
1039 1087 1311 1172 προχόῳ
1354 1089 1785 1167 πολυώνυμον
1830 1087 2007 1166 ὕδωρ
2109 1113 2114 1116 ’
2161 1094 2265 1146 ⁷85

338 1169 626 1249 ψυχρόν,
672 1169 710 1234 ὅ
756 1173 824 1234 τ’
869 1171 939 1236 ἐκ
983 1173 1216 1250 πέτρης
1260 1171 1689 1252 καταλείβεται
1730 1171 2085 1250 ἠλιβάτοιο,

336 1253 620 1332 ὑψηλῆς·
665 1255 916 1319 πολλὸν
960 1257 1031 1318 δέ
1073 1257 1140 1318 θ’
1186 1255 1316 1318 ὑπὸ
1360 1257 1596 1332 χθονὸς
1638 1256 2009 1332 εὐρυοδείης

338 1336 404 1401 ἐξ
447 1336 624 1415 ἱεροῦ
669 1341 986 1413 ποταμοῖο
1031 1337 1161 1413 ῥέει
1203 1339 1309 1402 διὰ
1351 1337 1549 1400 νύκτα
1590 1337 1895 1413 μέλαιναν

335 1417 670 1484 Ὠκεανοῖο
715 1420 934 1500 κέρας,
980 1419 1206 1496 δεκάτη
1252 1423 1289 1482 δ
1307 1420 1323 1442 ²
1367 1419 1470 1482 ἐπὶ
1510 1422 1703 1498 μοῖρα
1746 1419 2063 1484 δέδαςται·

339 1502 531 1567 ἐννέα
574 1505 690 1580 μὲν
734 1503 880 1581 περὶ
920 1507 1042 1580 γῆν
1085 1523 1154 1567 τε
1197 1503 1299 1568 καὶ
1342 1502 1533 1580 εὐρέα
1576 1507 1754 1570 νῶτα
1796 1503 2102 1581 θαλάςςης
2158 1509 2266 1562 790

337 1586 514 1670 δίνῃς
558 1586 871 1670 ἀργυρέῃς
916 1586 1267 1666 εἱλιγμένος
1308 1584 1395 1650 εἰς
1434 1585 1560 1650 ἅλα
1602 1587 1842 1652 πίπτει·

335 1670 375 1748 ἢ
421 1673 494 1733 δὲ
537 1670 630 1749 μί’
675 1671 747 1736 ἐκ
789 1671 1022 1749 πέτρης
1065 1671 1356 1750 προρέει,
1402 1671 1562 1748 μέγα
1602 1675 1779 1748 πῆμα
1820 1673 2070 1736 θεοῖςιν.

463 1752 538 1818 ὅς
583 1775 692 1818 κεν
736 1756 850 1831 τὴν
893 1754 1200 1832 ἐπίορκον
1245 1754 1606 1833 ἀπολείψας
1648 1753 1967 1836 ἑπομόςςῃ

338 1837 711 1913 ἀθανάτων,
756 1838 822 1901 οἳ
867 1838 1079 1916 ἔχουςι
1122 1838 1280 1916 κάρη
1325 1839 1668 1922 νιφόεντος
1710 1836 2071 1914 Ὀλύμπου,

337 1924 532 1985 κεῖται
576 1922 867 2000 νήυτμος·
895 1923 1341 2001 τετελεςμένον
1388 1921 1476 1987 εἰς
1517 1919 1845 1997 ἐνιαυτόν,
2161 1926 2261 1980 ’795

340 2006 494 2069 οὐδέ
539 2007 693 2070 ποτ’
739 2004 1076 2085 ἀμβροςίης
1117 2008 1221 2070 καὶ
1261 2006 1567 2085 νέκταρος
1608 2006 1858 2085 ἔρχεται
1900 2004 2091 2068 ἆςςον

341 2090 641 2169 βρώςιος,
687 2090 851 2155 ἀλλά
892 2112 960 2155 τε
990 2094 1186 2157 κεῖται
1229 2090 1667 2157 ἀνάπνευςτος
1711 2091 1813 2155 καὶ
1856 2088 2136 2153 ἄναυδος

339 2178 645 2252 ςτρωτοῖς
687 2176 760 2239 ἐν
806 2176 1110 2254 λεχέεςςι,
1155 2176 1353 2240 κακὸν
1396 2176 1463 2238 δ’
1494 2175 1597 2237 ἐπὶ
1640 2177 1821 2252 κῶμα
1863 2172 2178 2239 καλύπτει.

467 2257 672 2335 αὐτὰρ
713 2258 876 2334 ἐπὴν
923 2262 1157 2324 νοῦςον
1202 2258 1421 2340 τελέςῃ
1464 2260 1663 2336 μέγαν
1708 2257 1797 2321 εἰς
1840 2256 2169 2331 ἐνιαυτόν,

339 2339 537 2404 ἄλλος
580 2342 652 2402 δ’
682 2340 748 2407 ἐξ
791 2339 994 2403 ἄλλου
1037 2340 1287 2419 δέχεται
1330 2342 1781 2417 χαλεπώτερος
1826 2338 2050 2404 ἆθλος·
2164 2346 2268 2399 800

341 2422 616 2488 εἰνάετες
660 2425 732 2488 δὲ
775 2427 945 2488 θεῶν
992 2422 1403 2501 ἀπαμείρεται
1444 2423 1582 2487 αἰὲν
1626 2422 1905 2498 ἐόντων,

342 2507 496 2571 οὐδέ
539 2508 692 2573 ποτ’
737 2506 804 2573 ές
847 2488 1087 2587 βουλὴῗι
1117 2504 1152 2556 †
1184 2506 1567 2585 ἑπιμίςγεται
1608 2506 1759 2571 οὐδ’
1803 2506 1909 2571 ἐπὶ
1951 2509 2169 2571 δαῖτας

342 2590 534 2657 ἐννέα
575 2591 771 2656 πάντ’
817 2588 989 2657 ἔτεα·
1033 2591 1279 2675 δεκάτῳ
1322 2592 1388 2655 δ’
1434 2589 1811 2668 ἐπιμίςγεται
1855 2589 2032 2657 αὖτις

343 2674 550 2766 εἰρέας
595 2674 966 2752 ἀθανάτων,
1011 2675 1080 2740 οἳ
1121 2676 1434 2753 Ὀλύμπια
1476 2675 1720 2753 δώματ’
1764 2674 1992 2754 ἔχουςι.

340 2762 524 2824 τοῖον
569 2758 678 2837 ἄρ’
706 2757 907 2836 ὅρκον
951 2759 1174 2824 ἔθεντο
1201 2760 1337 2823 θεοὶ
1369 2759 1605 2834 (τυγὸς
1632 2757 1910 2837 ἄφθιτον
1940 2758 2115 2837 ὕδωρ
2165 2766 2269 2822 805

344 2843 654 2919 ὠγύγιον·
697 2842 774 2908 τὸ
817 2844 882 2907 δ’
923 2841 1048 2921 ἵηςι
1090 2842 1571 2922 καταςτυφέλου
1615 2842 1719 2907 διὰ
1761 2842 1997 2921 χώρου.

413 3025 566 3081 ἔνθα
612 3023 678 3080 δὲ
715 3028 822 3096 γῆς
857 3027 1148 3096 δνοφερῆς
1185 3027 1285 3081 καὶ
1328 3020 1630 3107 Ταςτᾴρου
1664 3018 1968 3106 ’,ἠερόεντος
2168 3030 2269 3080 807

341 3088 561 3148 πόντου
595 3086 650 3146 τ’
678 3086 1014 3163 ἀτρυγέτοιο
1048 3094 1148 3148 καὶ
1185 3089 1443 3162 οὖρανου
1480 3109 1847 3162 αστεροεντος

345 3155 537 3241 ἑξείης
566 3154 806 3241 ,πάντων
839 3161 1022 3230 πηγαὶ
1057 3161 1158 3241 ξιαὶ
1193 3154 1423 3231 πείρατ’
1464 3158 1624 3215 ἔασιν

345 3224 560 3295 amaa&
590 3266 605 3292 ‚
648 3246 965 3297 ευρωεντα,
1004 3246 1078 3281 τοι
1112 3246 1176 3282 τε
1214 3225 1515 3297 στυγέουσι
1549 3228 1691 3280 θεοί
1719 3243 1844 3295 περ.
2169 3230 2270 3279 810

342 3393 532 3505 perot?-
573 3380 687 3429 781.
725 3376 991 3445 ἀγγελίην
1126 3398 1180 3433 v.
1219 3383 1337 3433 795.
1377 3378 1666 3445 νήποτμος
1802 3394 1855 3432 v.
1889 3380 2006 3432 801.
2043 3376 2272 3443 ἀπομεί-
