2507 3935
948 209 1336 262 ΘΕοΓοΝῙΑ.
2045 207 2138 274 23

196 378 510 458 ἀργαλέη·
554 377 770 443 δεινὸν
814 377 886 442 δὲ
927 376 1030 440 καὶ
1073 376 1439 441 ἀθανάτοιςι
1482 377 1676 441 θεοῖςι

195 467 392 528 τοῦτο
437 463 654 541 τέρας·
698 462 799 524 καὶ
837 460 1081 525 Νυκτὸς
1126 460 1395 540 ἐρεμνῆς
1440 459 1603 524 οἰκία
1646 459 1825 526 δεινὰ

195 547 484 626 ἕςτηκεν,
531 547 808 629 νεφέλῃς
851 545 1290 623 κεκαλυμμένα
1332 545 1645 628 κυανέῃςι.
2026 555 2127 608 745

320 717 455 779 τῶν
479 713 731 797 πρόςθ’
777 714 1089 778 Ἰαπετοῖο
1133 713 1283 778 πάις
1313 714 1347 764 †
1380 713 1555 794 ἔχετ’
1601 713 1886 792 οὐρανὸν
1933 712 2126 791 εὐρὺν

197 798 468 877 ἑςτηώς,
513 800 764 881 κεφαλῇ
808 818 877 862 τε
923 799 1020 861 καὶ
1067 797 1408 882 ἀκαμάτῃςι
1451 798 1731 878 χέρεςςιν

195 882 603 962 ἀςτεμφέως,
651 859 751 946 ὅθι
799 881 928 948 Νύξ
970 901 1038 946 τε
1082 883 1182 945 καὶ
1225 883 1457 960 Ἡμέρη
1503 881 1700 962 ἀμφὶς
1744 880 1947 945 ἰοῦςαι

197 965 475 1042 ἀλλήλας
518 966 910 1044 προςέειπον
956 965 1357 1045 ἀμειβόμεναι
1401 966 1603 1044 μέγαν
1650 965 1851 1030 οὐδὸν

194 1049 501 1128 χάλκεον·
544 1049 584 1126 ἣ
631 1051 744 1127 μὲν
789 1049 913 1113 ἔςω
958 1050 1401 1128 καταβήςεται,
1444 1050 1484 1127 ἣ
1530 1050 1601 1114 δὲ
1644 1050 1874 1128 θύραζε
2025 1057 2127 1111 750

195 1131 474 1212 ἔρχεται,
521 1133 678 1196 οὐδέ
721 1134 884 1197 ποτ’
931 1132 1299 1213 ἀμφοτέρας
1342 1133 1540 1211 δόμος
1582 1133 1771 1200 ἐντὸς
1810 1134 2040 1212 ἐέργει·

197 1215 346 1280 ἀλλ’
391 1216 510 1281 αἰεὶ
555 1216 737 1294 ἑτέρη
781 1236 856 1292 γε
900 1217 1121 1294 δόμων
1164 1215 1459 1282 ἔκτοςθεν
1504 1217 1697 1282 ἑοῦςα
1988 1258 1994 1264 ·

196 1302 387 1374 γαῖαν
432 1301 904 1379 έπιςτρέφεται,
951 1302 990 1378 ἢ
1036 1301 1101 1364 δ’
1146 1299 1226 1363 αὖ
1273 1301 1475 1377 δόμου
1519 1301 1705 1365 ἐντὸς
1750 1301 1945 1364 έοΰςα

195 1385 402 1462 μίμνει
443 1385 560 1463 τὴν
605 1384 799 1463 αὐτῆς
848 1383 1025 1463 ὥρην
1071 1383 1264 1461 ὁδοῦ,
1312 1385 1378 1448 ἔς
1420 1385 1485 1449 τ’
1529 1384 1610 1449 ἂν
1652 1383 1885 1463 ἵκηται·

198 1468 237 1544 ἣ
282 1469 399 1545 μὲν
444 1467 854 1547 ἐπιχθονίοιςι
898 1469 1069 1548 φάος
1113 1469 1502 1547 πολυδερκὲς
1548 1467 1813 1548 ἔχουςα,
2022 1477 2123 1528 755

194 1551 232 1627 ἢ
278 1552 348 1614 δ’
394 1553 653 1616 Ὕπνον
699 1553 854 1629 μετὰ
882 1553 1054 1631 χερςὶ
1095 1552 1472 1630 καςίγνητον
1518 1552 1871 1629 Θανάτοιο,

199 1635 327 1700 Νὺξ
376 1634 570 1710 ὀλοή,
616 1635 856 1717 νεφέλῃ
902 1637 1330 1713 κεκαλυμμένη
1375 1636 1701 1714 ἠεροειδεῖ.

323 1717 480 1783 ἔνθα
523 1717 594 1781 δὲ
641 1719 885 1781 Νυκτὸς
929 1720 1152 1782 παῖδες
1196 1718 1462 1797 ἐρεμνῆς
1508 1717 1656 1782 οἰκί’
1699 1717 1973 1797 ἔχουςιν,

194 1801 595 1866 Ὕπνος-καὶ
639 1801 961 1878 Θάνατος,
1005 1802 1202 1866 δεινοὶ
1245 1803 1408 1866 θεοί·
1454 1801 1607 1866 οὐδέ
1649 1804 1805 1867 ποτ’
1848 1803 2081 1867 αὐτοὺς

195 1885 444 1949 Ἠέλιος
489 1885 754 1963 φαέθων
799 1885 1188 1964 ἐπιδέρκεται
1234 1885 1576 1951 ἀκτίνεςςιν
2023 1895 2125 1949 760

200 1969 485 2048 οὐρανὸν
532 1967 823 2035 εἰςανιών
870 1970 1020 2034 οὐδ’
1064 1970 1421 2049 οὐρανόθεν
1465 1972 1883 2051 καταβαίνων.

197 2056 328 2117 τῶν
375 2052 592 2132 ἕτερος
637 2056 750 2130 μὲν
793 2056 914 2132 γῆν
957 2074 1026 2117 τε
1070 2056 1170 2117 καὶ
1214 2054 1405 2133 εὐρέα
1448 2059 1623 2119 νῶτα
1666 2055 1972 2132 θαλάςςης

199 2136 433 2216 ἥςυχος
478 2136 896 2216 ἀνςτρέφεται
939 2139 1041 2201 καὶ
1084 2138 1360 2215 μείλιχος
1406 2137 1821 2216 ἀνθρώποιςι,

199 2224 314 2283 τοῦ
361 2222 433 2285 δὲ
477 2222 726 2299 ςιδηρέη
759 2241 872 2298 μεν
917 2222 1172 2299 κραδίη,
1217 2221 1492 2299 χάλκεον
1537 2222 1609 2283 δέ
1653 2220 1715 2283 οἱ
1756 2218 1915 2299 ἦτορ
2113 2266 2119 2271 -

199 2305 420 2381 νηλεὲς
463 2304 536 2368 ἐν
581 2306 924 2381 ςτήθεςςιν·
971 2304 1099 2384 ἔχει
1143 2306 1212 2368 δ’
1243 2304 1323 2368 ὃν
1368 2307 1594 2383 πρῶτα
1638 2304 1894 2388 λάβῃςιν
2024 2313 2125 2367 ’765

199 2387 600 2467 ἀνθρώπων,
647 2388 875 2467 ἐχθρὸς
919 2389 990 2452 δὲ
1031 2390 1131 2452 καὶ
1176 2388 1539 2453 ἀθανάτοιςι
1582 2391 1832 2453 θεοῑςιν.

327 2554 483 2620 ἔνθα
527 2560 680 2619 θεοῦ
724 2556 988 2636 χθονίου
1032 2556 1310 2635 πρόςθεν
1355 2532 1541 2634 δόμοι
1582 2556 1885 2633 ἠχήεντες

201 2636 458 2717 ἰφθίμου
499 2641 565 2701 τ’
610 2640 840 2703 Ἀίδεω
884 2640 985 2702 καὶ
1028 2640 1293 2715 ἐπαινῆς
1334 2637 1811 2717 Περςεφονείης

204 2722 474 2799 ἑςτᾶςιν,
520 2722 732 2788 δεινὸς
775 2724 847 2786 δὲ
888 2723 1065 2787 κύων
1095 2721 1494 2801 προπάροιθε
1539 2721 1840 2800 φυλάςςει
1970 2780 1989 2801 ,

203 2807 484 2884 νηλειής,
528 2806 758 2886 τέχνην
803 2808 874 2871 δὲ
917 2808 1113 2886 κακὴν
1158 2805 1316 2885 ἔχει·
1361 2806 1426 2871 ἐς
1469 2806 1584 2884 μὲν
1630 2804 1844 2871 ἰόντας
2026 2816 2129 2869 770

207 2891 398 2955 ςαίνει
442 2890 618 2969 ὁμῶς
663 2891 822 2997 οὐρῇ
866 2911 935 2955 τε
977 2892 1077 2954 καὶ
1123 2890 1342 2955 οὔαςιν
1387 2889 1857 2970 ἀμφοτέροιςιν,

208 2970 478 3039 ἐξελθεῖν
522 2975 590 3037 δ
637 2974 754 3038 οὐκ
797 2974 972 3039 αὖτις
1015 2975 1091 3057 ἐᾷ
1133 2974 1355 3050 πάλιν,
1402 2973 1566 3037 ἀλλὰ
1608 2974 1898 3037 δοκεύων

205 3052 414 3134 ἐςθίει,
463 3055 545 3124 ὅν
588 3078 658 3123 κε
702 3059 918 3141 λάβῃςι
962 3059 1221 3120 πυλέων
1268 3056 1563 3121 ἔκτοςθεν
1608 3055 1803 3120 ἰόντα.

329 3209 486 3274 ἔνθα
529 3210 601 3275 δὲ
645 3209 918 3275 ναιετάει
963 3208 1226 3285 ςτυγερὴ
1272 3206 1419 3269 θεὸς
1464 3202 1857 3281 ἀθανάτοιςι,
1945 3262 1951 3268 .
2027 3216 2129 3267 775

198 3324 470 3427 οἰφθίμου
505 3352 561 3412 τ’
592 3352 786 3413 Ἀίδεω
822 3358 920 3412 καὶ
959 3352 1200 3425 ἐπαινῆς
1238 3353 1687 3425 Περσεφονείης.
2032 3359 2131 3409 774

337 3514 389 3549 v.
427 3500 543 3549 748.
579 3494 742 3548 ἃςςον
778 3493 955 3547 ίοθςαι
