2507 3935
917 203 920 209 “
1021 217 1420 278 ΘΕοΓοΝῙΑ;
2162 222 2203 288 7

259 384 470 453 πάςας
513 385 740 454 δέξατο
787 385 966 450 Γαῖα·
1008 385 1505 463 περιπλομένων
1550 383 1622 452 δ’
1662 381 1975 453 ἐνιαυτῶν

263 471 515 547 γείνατ’
559 471 800 548 Ἐρινῦς
829 490 900 534 τε
928 469 1235 548 κρατερὰς
1268 471 1586 547 μεγάλους
1615 490 1683 535 τε
1718 471 2038 548 Γίγαντας,
2099 481 2199 534 185

263 553 533 634 τεύχεσι
577 551 1079 636 λαμπομένους,
1126 549 1341 634 δολίχ’
1388 554 1583 635 ἔγχεα
1627 555 1859 636 χερσὶν
1902 556 2196 637 ἔχοντας,

265 637 539 716 Νύμφας
581 637 682 714 θ’,
729 637 804 700 ἃς
851 637 1090 702 Μελίας
1133 637 1441 701 καλέους’
1480 637 1593 704 ἐπ’
1631 638 1945 723 ἀπείρονα
1988 643 2197 714 γαῖαν.

392 720 592 798 μήδεα
634 721 721 804 δ’,
769 719 858 784 ὡς
899 721 976 784 τὸ
1020 721 1285 798 πρῶτον
1332 719 1695 800 ἀποτμήξας
1740 721 2053 802 ἀδάμαντι

261 804 537 884 κάββαλ’
582 803 703 868 ἀπ’
744 802 1036 882 ἠπείροιο
1081 803 1499 888 πολυκλύςτῳ
1545 805 1640 871 ἑνὶ
1682 806 1931 889 πόντῳ,

265 887 358 952 ὥς
389 888 619 968 φέρετ’
648 887 734 964 ἂμ
761 888 1044 963 πέλαγος
1072 888 1325 953 πουλὺν
1357 889 1623 966 χρόνον,
1668 889 1828 970 ἀμφὶ
1868 891 1939 953 δὲ
1974 891 2200 956 λευκὸς

262 971 476 1050 ἀφρὸς
507 969 968 1036 ἀπ’ἀθανάτου
991 973 1190 1050 χροὸς
1215 971 1499 1050 ὤρνυτο·
1528 979 1621 1056 τῷ
1654 975 1722 1037 δ’
1744 974 1839 1038 ἔνι
1868 974 2067 1052 κούρη
2100 983 2197 1036 191

261 1055 574 1135 ἐθρέφθη·
619 1058 882 1132 πρῶτον
928 1057 1001 1119 δὲ
1048 1055 1375 1135 Κυθήροιςι
1416 1058 1725 1123 ζαθέοιςιν

261 1137 508 1218 ἔπλητ’,
557 1137 742 1204 ἔνθεν
789 1137 1006 1203 ἔπειτα
1049 1139 1435 1218 περίρρυτον
1476 1139 1650 1204 ἵκετο
1702 1140 1977 1220 Κύπρον.

392 1221 461 1284 ἐκ
503 1223 572 1285 δ’
605 1221 715 1301 ἔβη
763 1221 966 1300 αἰδοίη
1011 1225 1170 1300 καλὴ
1215 1222 1385 1301 θεός,
1430 1223 1591 1303 ἀμφὶ
1634 1225 1704 1287 δὲ
1748 1225 1899 1302 ποίη

262 1307 486 1370 ποςςὶν
531 1304 660 1369 ὑπὸ
706 1305 1055 1383 ραδινοῖςιν
1098 1305 1339 1372 ἀέξετο.
1384 1308 1503 1385 τὴν
1546 1309 1617 1370 δ’
1659 1306 2042 1387 Ἀφροδίτην
2101 1316 2199 1369 195

262 1389 656 1467 κικλήςκουςι
699 1390 834 1454 θεοί
875 1409 944 1454 τε
987 1389 1087 1453 καὶ
1129 1389 1377 1469 ἀνέρες,
1424 1389 1646 1456 οὕνεκ’
1675 1390 1747 1456 ἐν
1793 1390 1984 1475 ἀφρῷ
2102 1400 2201 1453 197

266 1473 536 1552 θρέφθη,
582 1473 741 1551 ἀτὰρ
790 1474 1148 1551 Κυθέρειαν,
1195 1473 1294 1538 ὅτι
1334 1476 1717 1553 προςέκυρςε
1765 1475 2085 1554 Κυθήροις.

389 1562 474 1639 τῇ,
499 1557 566 1618 δ’
593 1557 784 1634 ’Έρος
817 1555 1144 1635 ὡμάρτηςε
1173 1559 1276 1622 καὶ
1304 1559 1548 1636 Ἵμερος
1580 1560 1808 1623 ἕςπετο
1840 1561 2035 1624 καλὸς
2092 1568 2191 1620 201

261 1639 607 1722 γεινομένῃ
649 1640 730 1702 τὰ
772 1643 998 1717 πρῶτα
1040 1643 1209 1704 θεῶν
1250 1642 1316 1703 τ’
1360 1640 1427 1704 ἐς
1472 1645 1688 1720 φῦλον
1732 1641 1930 1725 ἰούςῃ.

365 1723 630 1800 ταύτην
675 1724 741 1785 δ’
786 1723 851 1788 ἐξ
895 1722 1094 1801 ἀρχῆς
1136 1725 1320 1802 τιμὴν
1368 1723 1496 1803 ἔχει
1538 1725 1653 1802 ἠδὲ
1696 1725 1966 1804 λέλογχε

258 1809 494 1885 μοῖραν
541 1805 611 1872 ἑν
659 1805 1050 1884 ἀνθρώποιςι
1094 1809 1193 1870 καὶ
1237 1808 1604 1872 ἀθανάτοιςι
1647 1811 1863 1887 θεοῖςι,

265 1889 654 1967 παρθενίους
681 1891 743 1953 τ’
787 1889 1028 1967 ὀάρους
1071 1893 1415 1970 μειδήματά
1456 1894 1521 1955 τ’
1566 1891 1882 1958 ἐξαπάτας
1926 1912 1995 1957 τε
2098 1902 2199 1956 205

263 1974 494 2053 τέρψιν
535 1994 606 2038 τε
649 1976 962 2053 γλυκερὴν
1009 1976 1323 2055 φιλότητά
1366 1994 1435 2040 τε
1477 1977 1781 2055 μειλιχίην
1822 1998 1915 2041 τε.

392 2108 544 2172 τοὺς
588 2109 660 2172 δὲ
703 2110 912 2188 πατὴρ
959 2108 1229 2187 Τιτῆνας
1275 2110 1593 2188 ἑπίκληςιν
1640 2112 1933 2175 καλέεςκε

265 2193 500 2263 παῖδας
542 2192 831 2257 νεικείων
877 2195 1072 2269 μέγας
1118 2192 1435 2271 Οὐρανός,
1483 2193 1598 2257 οὓς
1638 2194 1818 2257 τέκεν
1862 2192 2088 2257 αὐτός·

263 2274 468 2353 φάςκε
511 2276 583 2338 δὲ
625 2274 1025 2341 τιταίνοντας
1069 2274 1407 2360 ἀταςθαλίῃ
1452 2277 1610 2354 μέγα
1654 2276 1827 2355 ῥέξαι

266 2356 487 2436 ἔργον,
531 2362 670 2423 τοῖο
718 2360 786 2422 δ’
831 2359 1049 2423 ἔπειτα
1089 2358 1244 2425 τίςιν
1290 2360 1659 2439 μετόπιςθεν
1705 2360 1961 2425 ἔςεςθαι.
2098 2371 2200 2423 210

398 2492 526 2559 Νὺξ
555 2492 625 2556 δ’
651 2492 826 2558 ἔτεκε
858 2494 1162 2572 ςτυγερόν
1195 2515 1265 2559 τε
1299 2496 1527 2575 Μόρον
1556 2496 1657 2559 καὶ
1691 2496 1862 2572 Κῆρα
1894 2496 2198 2573 μέλαιναν

267 2575 368 2638 καὶ
399 2576 718 2653 Θάνατον,
749 2577 889 2642 τέκε
919 2577 988 2641 δ’
1016 2580 1296 2656 Ὕπνον,
1321 2578 1519 2643 ἔτικτε
1539 2581 1611 2641 δὲ
1631 2581 1849 2657 φῦλον
1864 2578 2201 2659 Ὀνείρων,

269 2657 349 2721 οὔ
392 2679 514 2723 τινι
557 2664 915 2738 κοιμηθεῖςα
959 2662 1078 2725 θεὰ
1121 2662 1261 2724 τέκε
1308 2662 1435 2727 Νὺξ
1479 2661 1811 2739 ἐρεβεννή·

395 2743 697 2823 δεύτερον
743 2742 824 2808 αὖ
871 2744 1119 2820 Μῶμον
1165 2745 1267 2807 καὶ
1309 2745 1520 2811 Ὀιζὺν
1564 2742 2001 2822 ἀλγινόεςςαν,

267 2825 629 2906 Ἑςπερίδας
673 2828 762 2906 θ’,
807 2825 906 2892 αἶς
949 2829 1114 2905 μῆλα
1157 2828 1359 2906 πέρην
1404 2831 1643 2892 κλυτοῦ
1688 2828 2023 2893 Ὠκεανοῖο
2096 2836 2201 2893 215

263 2909 502 2988 χρύςεα
545 2911 706 2975 καλὰ
749 2912 1002 2990 μέλουςι
1047 2912 1335 2991 φέροντά
1378 2933 1447 2977 τε
1492 2913 1761 2991 δένδρεα
1804 2912 2071 2992 καρπόν.

260 3052 665 3129 Ἀφρογὲνειοῖν
699 3079 760 3114 τε
796 3057 950 3115 θεὰν
984 3060 1086 3115 καὶ
1121 3056 1481 3129 ἐυστέφανον
1514 3060 1847 3129 Κυθέρειαν
2102 3066 2199 3116 196

261 3176 700 3245 Κυπρογένειαν
739 3173 816 3240 δ’,
855 3171 946 3231 ὅτι
984 3174 1152 3247 γέντο
1187 3173 1555 3246 πολυκλύστῳ
1594 3174 1681 3231 ἐνὶ
1716 3172 1945 3247 Κύπρῳ,
2101 3182 2198 3233 199

261 3236 366 3308 ἠδὲ
405 3242 768 3314 Φιλομηὸέα,
807 3237 895 3299 ὅτι
932 3242 1164 3313 μηδέων
1201 3239 1568 3313 ἐξεφαάνθη.

261 3359 362 3412 καὶ
397 3362 631 3428 Μοίρας
666 3362 768 3415 καὶ
803 3364 1002 3431 Κῆρας
1041 3357 1303 3431 ἐγείνατο
1339 3362 1775 3431 νηλεοποίνους,
2098 3363 2199 3416 21Ί

261 3423 484 3481 Κλωθώ
520 3446 581 3481 τε
615 3424 866 3497 Λάχεσίν
900 3448 962 3483 τε
997 3431 1104 3482 καὶ
1128 3421 1416 3496 ΙΙἌτροπον,
1456 3429 1529 3480 αἴ
1553 3446 1613 3481 τε
1650 3430 1903 3497 βροτοῖσι

260 3492 648 3562 γεινομένοισι
685 3496 954 3550 διδοῦσιν
990 3493 1142 3563 ἔχειν
1179 3489 1414 3565 ἀγαθόν
1449 3512 1510 3548 τε
1544 3492 1727 3550 κακόν
1764 3512 1857 3561 τε,
