2507 3935
235 11 395 142 {2:352
425 67 442 138 ⁴.
538 65 543 72 ’

819 227 1052 279 Anum
1086 227 1561 282 HPAKAEOTZ.
2079 227 2153 292 61

250 395 322 472 ἢν
365 392 520 474 ἄτην
565 393 810 474 ἀχέων·
853 395 891 472 ἣ
937 395 1006 459 δ’
1036 393 1115 459 οὗ
1160 395 1623 474 παλινάγρετός
1666 397 1855 461 ἐςτιν.

251 479 441 556 αὐτὰρ
487 479 629 557 ἐμοὶ
671 478 913 557 δαίμων
954 479 1281 558 χαλεποὺς
1324 477 1690 546 ἐπετέλλετ’
1734 482 2017 546 ἀέθλους.

325 561 376 625 ὦ
421 563 645 642 φίλος,
691 562 854 626 ἀλλὰ
898 562 972 627 ςὺ
1018 565 1251 628 θᾶςςον
1298 564 1404 642 ἔχ’
1446 564 1595 643 ἡνία
1636 565 2047 644 φοινικόεντα
2092 574 2160 626 95

245 646 458 711 ἵππων
505 647 896 711 ὠκυπόδων·
942 646 1102 725 μέγα
1145 649 1217 710 δὲ
1262 649 1447 727 φρεςὶ
1490 647 1719 724 θάρςος
1764 648 1971 714 ἀέξων

249 729 370 794 ἰθὺς
415 731 586 809 ἔχειν
631 730 792 795 θοὸν
837 727 1004 809 ἅρμα
1046 731 1148 795 καὶ
1193 730 1555 796 ὠκυπόδων
1600 733 1818 797 ςθὲνος
1858 731 2104 810 ἵππων,

247 815 434 893 μηδὲν
477 814 857 879 ὑποδδείςας
900 813 1143 879 κτύπον
1185 815 1414 894 ’Άρεος
1459 815 1939 895 ἀνδροφόνοιο,

246 899 314 962 ὃς
354 901 473 962 νῦν
517 898 838 975 κεκληγὼς
882 897 1313 977 περιμαίνεται
1356 899 1535 976 ἱερὸν
1580 898 1773 964 ἄλςος

245 981 475 1061 Φοίβου
519 981 970 1056 Ἀπόλλωνος,
1016 981 1473 1061 ἑκατηβελέταο
1517 982 1810 1049 ἄνακτος.
2062 993 2161 1045 100

244 1065 281 1142 ἦ
321 1067 442 1144 μὴν
484 1065 584 1129 καὶ
627 1066 931 1145 κρατερός
974 1085 1095 1144 περ
1141 1065 1272 1131 ἐὼν
1316 1065 1500 1131 ἄαται
1544 1069 1907 1147 πολέμοιο.»

321 1149 434 1216 τὸν
481 1150 548 1212 δ’
592 1147 742 1213 αὖτε
785 1149 1161 1227 προςέειπεν
1208 1150 1549 1229 ἀμώμητος
1588 1151 1856 1216 Ἰόλαος·

245 1231 468 1310 «ἠθεῖ’,
511 1231 550 1310 ἦ
595 1231 765 1310 μάλα
803 1232 886 1336 δή
929 1234 1240 1338 τιὶπατῂρ
1284 1234 1543 1342 ἀνδρῶν
1588 1255 1655 1338 τε
1700 1238 1868 1301 θεῶν
1911 1255 1980 1300 τε

243 1318 570 1506 ἒξμρὸξὲἔ(
584 1318 1827 1504 “gfffiz'zzvv02‘22232022‘2ss025110533ss512‘-
2060 1411 2159 1464 105

243 1483 382 1549 οἷον
425 1487 503 1561 δὴ
547 1505 649 1548 και
689 1483 878 1549 τόνδε
926 1487 1162 1562 βροτὸν
1205 1486 1517 1565 κρατερόν
1562 1507 1630 1552 τε
1675 1489 1874 1566 μέγαν
1919 1508 1988 1553 τε

241 1569 347 1632 ςὰς
391 1568 456 1632 ἐς
497 1570 718 1646 χεῖρας
761 1565 1044 1641 ἄγούςιν,
1086 1567 1197 1633 ἵνα
1239 1568 1427 1633 κλέος
1472 1569 1697 1635 ἑςθλὸν
1740 1570 1949 1648 ἄρηαι.

321 1650 472 1715 ἀλλ’
516 1649 663 1727 ἄγε,
709 1651 896 1715 δύςεο
940 1651 1158 1729 τεύχε’
1201 1650 1423 1733 ἀρήια,
1468 1651 1647 1732 ὄφρα
1687 1653 1944 1732 τάχιςτα

239 1734 508 1814 δίφρους
551 1733 1016 1813 ἑμπελάςαντες
1056 1736 1292 1816 ’Άρηός
1336 1737 1405 1800 θ’
1446 1736 1756 1816 ἡμέτερόν
1798 1757 1868 1801 τε

239 1819 656 1898 μαρνώμεςθ’,
703 1819 839 1882 ἐπεὶ
885 1818 963 1882 οὔ
1006 1839 1106 1883 τοι
1151 1818 1509 1899 ἀτάρβητον
1555 1821 1719 1885 Διὸς
1760 1819 1905 1886 υἱὸν
2060 1829 2159 1881 110

241 1903 388 1966 οὐδ’
431 1901 802 1981 Ἰφικλείδην
847 1903 1198 1970 δειδίξεται·
1245 1903 1413 1969 ἀλλά
1456 1925 1560 1985 μιν
1607 1903 1726 1969 οἴω

240 1988 575 2067 φεύξεςθαι
619 1986 738 2051 δύο
782 1990 1017 2052 παῖδας
1063 1987 1393 2067 ἀμύμονος
1434 1989 1793 2066 Ἀλκείδαο,

239 2072 305 2135 οἳ
347 2072 425 2148 δή
471 2091 580 2151 ςφι
625 2070 852 2148 ςχεδόν
897 2069 1006 2135 εἰςι
1049 2072 1443 2150 λιλαιόμενοι
1484 2074 1799 2152 πολέμοιο

237 2155 567 2235 φυλόπιδα
610 2155 881 2233 ςτήςειν,
924 2155 1004 2219 τά
1048 2176 1195 2235 ςφιν
1241 2156 1412 2219 πολὺ
1456 2158 1736 2237 φέρτερα
1779 2156 2041 2236 θοίνης.»

323 2238 416 2304 ὧς
460 2237 662 2319 φάτο·
710 2239 994 2317 μείδηςεν
1039 2240 1110 2302 δὲ
1154 2240 1251 2319 βίη
1296 2240 1698 2319 Ἡρακληείη,
2046 2249 2156 2301 ·115

237 2328 418 2405 θυμῷ
463 2322 768 2401 γηθήςας·
815 2322 982 2400 μάλα
1024 2323 1148 2401 γάρ
1191 2322 1272 2388 νύ
1318 2322 1379 2387 οἱ
1424 2322 1669 2403 ἄρμενα
1712 2322 1881 2389 εἶπε·

235 2407 338 2471 καί
381 2426 483 2483 μιν
529 2405 944 2485 ἀμειβόμενος
985 2404 1144 2471 ἔπεα
1185 2408 1541 2486 πτερόεντα
1583 2409 1941 2487 προςηύδα·

323 2490 530 2569 «ἥρως
574 2490 626 2557 ᾧ
671 2490 900 2567 ’,ίόλαε
943 2492 1339 2571 Διοτρεφές,
1387 2491 1596 2556 οὐκέτι
1637 2497 1834 2570 τηλοῦ

235 2575 458 2653 ὑςμίνη
501 2576 788 2652 τρηχεῖα·
834 2574 908 2637 ςὺ
952 2575 1040 2651 δ’,
1087 2574 1176 2638 ὡς
1219 2575 1425 2651 πάρος
1470 2574 1627 2653 ἧςθα
1669 2576 1987 2679 δαΐφρων,

237 2658 329 2722 ὧς
374 2658 474 2722 καὶ
516 2660 637 2722 νῦν
681 2658 880 2737 μέγαν
921 2657 1126 2722 ἵππον
1171 2658 1459 2736 Ἀρείονα
1500 2660 1923 2737 κυανοχαίτην
2058 2668 2158 2719 120

235 2743 448 2848 πάντῃ
494 2740 922 2821 ἀναςτρωφᾶν
965 2742 1067 2805 καὶ
1111 2740 1445 2821 ἀρηγέμεν,
1504 2742 1593 2806 ὥς
1634 2763 1703 2807 κε
1748 2742 2019 2820 δύνηαι.»

321 2826 415 2891 ὧς
459 2824 657 2889 εἰπὼν
701 2828 1005 2903 κνημῖδας
1049 2825 1452 2904 ὀρειχάλκοιο
1498 2830 1803 2906 φαεινοῦ,

233 2909 589 2989 Ἡφαίςτου
632 2909 830 2973 κλυτὰ
873 2913 1082 2988 δῶρα,
1127 2911 1274 2986 περι
1314 2910 1612 3015 κνήμῃςιν
1654 2910 1855 2990 ἔθηκε.

319 2994 628 3071 δεύτερον
673 2992 753 3056 αὖ
797 2994 1052 3071 θώρηκα
1094 2994 1238 3071 περὶ
1282 2994 1594 3071 ςτήθεςςιν
1638 2994 1856 3073 ἔδυνε,

229 3078 460 3153 καλόν,
504 3076 820 3155 χρύςειον,
865 3077 1366 3153 πολυδαίδαλον,
1411 3078 1489 3141 ὅν
1534 3078 1596 3141 οἱ
1640 3078 1845 3141 ἔδωκε
2063 3087 2159 3139 125

227 3126 506 3226 Παλλάς
547 3159 872 3238 Ἀθηναίη,
917 3159 1116 3237 κούρη
1150 3160 1355 3234 Διὸς,
1402 3160 1645 3225 ὁππότ’
1689 3161 1909 3238 ἔμελλε

229 3246 310 3307 τὸ
357 3251 625 3324 πρῶτον
671 3243 1059 3309 ςτονόεντας-
1093 3243 1562 3323 ἐφορμήςαςθαι
1608 3244 1900 3310 ἀέθλους.

321 3330 561 3409 θήκατο
605 3328 674 3392 δ’
719 3327 888 3406 ἀμφ’
930 3327 1191 3408 ὤμοιςιν
1236 3328 1394 3406 ἀρῆς
1438 3327 1717 3407 ἀλκτῆρα
1761 3330 2016 3408 ςίδηρον

229 3412 453 3477 δεινὸς
497 3411 690 3490 ἀνήρ·
733 3412 954 3489 κοίλην
1001 3414 1073 3476 δὲ
1115 3413 1260 3489 περὶ
1304 3413 1579 3488 ςτήθεςςι
1621 3413 1943 3492 φαρέτρην

229 3496 582 3577 καββάλετ’
627 3495 946 3561 ἐξόπιθεν·
993 3496 1226 3559 πολλοὶ
1271 3496 1340 3559 δ’
1381 3494 1678 3562 ἔντοςθεν
1724 3495 1923 3561 ὀιςτοὶ
2058 3502 2157 3553 130
