2507 3935
334 153 418 219 26
1123 155 1463 207 ΗΣιοΔοΤ

337 321 472 388 ἔζεε
518 321 591 386 δὲ
633 322 809 400 χθὼν
854 323 1023 385 πᾶςα
1065 322 1165 385 καὶ
1207 321 1489 401 οὐρανὸς
1531 324 1645 400 ἠδὲ
1687 321 1992 398 θάλαςςα,

335 408 446 469 θῦε
491 406 557 468 δ’
588 404 698 485 ἄρ’
731 405 898 485 ἀμφ’
931 405 1121 470 ἀκτὰς
1164 406 1308 484 περί
1336 404 1371 456 '¹’
1402 407 1466 470 τ’
1496 405 1655 485 ἀμφί
1683 426 1752 470 τε
1781 406 2020 484 κύματα
2048 405 2253 484 μακρὰ

336 487 485 572 ῥιπῇ
532 487 648 552 ὕπ’
693 488 1064 566 ἀθανάτων,
1111 489 1316 554 ἔνοςις
1360 490 1430 554 δ’
1474 489 1771 568 ἄςβεςτος
1814 490 2065 568 ὀρώρει.

460 573 602 650 τρέε
647 574 714 636 δ’
757 572 961 652 Ἀίδης
1006 572 1272 651 ἐνέροιςι
1315 575 1863 652 καταφθιμένοιςιν
1909 572 2223 650 ἀνάςςων,

334 655 595 733 Τιτῆνές
640 657 707 720 θ’
749 655 1229 735 ὑποταρτάριοι,
1280 656 1528 735 Κρόνον
1572 656 1766 736 ἀμφὶς
1808 656 2053 733 ἐόντες,
2150 664 2249 718 851

335 737 640 818 ᾰςβέςτου
683 739 980 804 κελάδοιο
1024 741 1124 804 καὶ
1168 739 1347 817 αἰνῆς
1392 745 1740 819 δηιοτῆτος.

458 905 622 970 Ζεὺς
652 911 688 970 δ
703 908 720 931 '
741 907 878 972 ἐπεὶ
901 906 1021 972 οὖν
1039 906 1350 986 κόρθυνεν
1372 907 1484 971 ἑὸν
1508 909 1721 986 μένος,
1744 905 1951 972 εἵλετο
1974 912 2010 971 δ
2025 907 2042 932 ³
2057 906 2250 984 ὅπλα,

334 991 605 1068 βροντήν
648 1010 717 1053 τε
764 991 1076 1069 ςτεροπήν
1119 1012 1188 1056 τε
1230 992 1335 1055 καὶ
1375 990 1752 1056 αἰθαλόεντα
1795 990 2142 1070 κεραυνόν,

331 1075 567 1150 πλῆξεν
613 1073 731 1136 ἀπ’
760 1073 1130 1152 Οὐλύμποιο
1174 1075 1562 1154 ἐπάλμενος·
1606 1075 1766 1154 ἀμφὶ
1806 1077 1876 1140 δὲ
1905 1076 2107 1139 πάςας
2150 1082 2251 1134 855

333 1155 557 1234 ἔπρεςε
600 1157 926 1222 θεςπεςίας
969 1159 1256 1237 κεφαλὰς
1299 1162 1537 1224 δεινοῖο
1582 1160 1897 1238 πελώρου.

457 1238 659 1318 αὐτὰρ
703 1241 840 1305 ἐπεὶ
883 1242 959 1318 δή
1003 1261 1106 1319 μιν
1150 1243 1385 1320 δάμαςε
1428 1245 1733 1324 πληγῇςιν
1776 1242 2057 1319 ἱμάςςας,
2122 1283 2130 1288 «

330 1322 516 1401 ἤριπε
560 1324 881 1400 γυιωθείς
928 1324 1244 1401 ςτενάχιῑε
1288 1327 1359 1386 δὲ
1400 1327 1549 1398 γαῖα
1591 1305 1865 1400 πελώρη.

332 1407 499 1484 φλὸξ
543 1409 614 1470 δὲ
655 1408 1172 1492 κεραυνωθέντος
1216 1406 1528 1471 ἀπέςςυτο
1572 1409 1712 1470 τοῖο
1756 1405 2033 1470 ἄνακτος

333 1489 565 1569 οὔρεος
607 1491 678 1554 ἐν
725 1489 1006 1574 βήςςῃςιν
1051 1490 1271 1574 ἀιδνῇς
1312 1491 1785 1591 παιπαλοέςςῃς
2145 1496 2252 1550 860

331 1575 715 1653 πληγέντος·
757 1576 967 1652 πολλὴ
1012 1576 1082 1638 δὲ
1125 1575 1383 1653 πελώρη
1425 1573 1637 1637 καίετο
1678 1575 1829 1648 γαῖα

333 1656 492 1760 ἀτμῇ
536 1658 850 1761 θεςπεςίῃ,
896 1659 997 1722 καὶ
1039 1658 1327 1734 ἐτήκετο,
1372 1658 1727 1736 καςςίτερος
1771 1654 1862 1719 ὧς

331 1741 522 1822 τέχνῃ
568 1739 685 1803 ὕπ’
728 1721 962 1818 αἰζηῶν
1007 1741 1135 1804 ὑπό
1179 1743 1243 1804 τ’
1272 1740 1592 1818 εύτρήτου
1636 1739 1904 1818 χοάνοιο

332 1801 663 1900 θαλφθείς,
708 1823 782 1900 ἠὲ
827 1825 1109 1901 ςίδηρος,
1155 1822 1192 1886 ὅ
1237 1843 1359 1902 περ
1401 1822 1879 1902 κρατερώτατός
1923 1821 2118 1899 ἐςτιν,

333 1905 564 1984 οὔρεος
607 1905 678 1970 ἐν
725 1906 972 1991 βήςςῃςι
1015 1906 1450 1986 δαμαζόμενος
1491 1907 1644 1986 πυρὶ
1686 1907 1893 1991 κηλέῳ
2144 1913 2246 1966 865

329 1990 577 2067 τήκεται
622 1990 693 2055 ἐν
738 1994 919 2069 χθονὶ
962 1991 1062 2075 δίῃ
1107 1991 1227 2055 ὑπ’
1270 1992 1615 2072 Ἡφαίςτου
1657 1992 2037 2075 παλάμῃςιν·

334 2073 425 2137 ὧς
467 2073 593 2152 ἄρα
634 2074 856 2151 τήκετο
900 2078 1049 2150 γαῖα
1093 2076 1267 2139 ςέλαι
1308 2075 1513 2154 πυρὸς
1556 2053 1937 2154 αἰθομένοιο.

335 2156 484 2237 ριψε
527 2158 598 2222 δέ
641 2179 744 2237 μιν
789 2164 964 2241 θυμῷ
1011 2159 1271 2238 ἀκάχων
1316 2160 1383 2223 ἐς
1426 2160 1756 2239 Τάρταρον
1802 2158 2013 2237 εὐρύν.

457 2324 528 2386 ἐκ
570 2327 642 2387 δὲ
673 2326 990 2404 Τυφωέος
1038 2326 1172 2390 ἔςτ’
1215 2325 1471 2404 ἀνέμων
1516 2328 1708 2403 μένος
1752 2324 1953 2404 ύγρόν
1999 2325 2251 2390 ἀέντων

333 2405 527 2486 νόςφι
571 2347 819 2471 Νότουφ
828 2409 1047 2487 Βορέω
1093 2429 1161 2474 τε
1205 2410 1306 2472 καὶ
1348 2408 1663 2487 ἀργέςτεω
1706 2408 2068 2487 Ζεφύροιο·
2150 2418 2255 2470 870

335 2489 400 2555 οί
440 2510 512 2567 γε
555 2492 670 2569 μὲν
715 2492 786 2555 ἐκ
827 2492 1068 2571 θεόφιν
1096 2498 1321 2575 γενεῇ,
1364 2495 1616 2570 θνητοῖς
1656 2493 1802 2572 μέγ’
1832 2490 2071 2572 ὄνειαρ.

459 2574 527 2638 αι
570 2576 638 2639 δ’
681 2574 867 2639 ἄλλαι
911 2596 1239 2655 μαψαυραι
1283 2575 1671 2641 ἐπιπνείουςι
1712 2576 2057 2654 θάλαςςαν,

335 2658 401 2721 αἳ
445 2660 522 2736 δή
565 2677 665 2723 τοι
708 2659 1044 2723 πίπτουςαι
1087 2660 1154 2724 ἐς
1197 2661 1527 2739 ἠεροειδέα
1570 2660 1816 2725 πόντον

336 2746 512 2819 πῆμα
554 2742 714 2820 μέγα
756 2746 1034 2820 θνητοῑςι
1077 2749 1231 2827 κακῇ
1278 2744 1533 2809 θύουςιν
1577 2743 1802 2846 ἀέλλῃ·

461 2824 694 2891 ἄλλοτε
738 2828 806 2889 δ’
850 2825 1035 2890 ἄλλαι
1079 2826 1232 2890 ἄειςι
1276 2826 1649 2892 διαςκιδνᾶςί
1689 2846 1758 2890 τε
1801 2830 1961 2906 νῆας
2150 2836 2256 2889 875

336 2909 571 2973 ναύτας
615 2929 682 2974 τε
727 2909 1080 2989 φθείρουςι·
1122 2914 1321 2974 κακοῦ
1366 2910 1543 2974 δὀὐ
1583 2910 1859 2985 γίγνεται
1903 2910 2061 2989 ἀλκὴ

337 2992 656 3072 ἀνδράςιν,
703 2993 767 3056 οι
810 2994 1041 3078 κείνῃςι
1083 2994 1515 3059 ςυνάντωνται
1556 2995 1715 3059 κατὰ
1757 2994 2035 3059 πόντον·

462 3078 528 3140 αἳ
571 3078 640 3142 δ’
670 3076 750 3140 αὖ
796 3079 896 3142 καὶ
937 3079 1093 3142 κατὰ
1132 3082 1320 3155 γαῖαν
1366 3078 1692 3156 ἀπείριτον
1736 3077 2159 3155 ἀνθεμόεςςαν

338 3158 480 3236 ἔργ’
522 3161 715 3239 ἐρατὰ
757 3162 1085 3241 φθείρουςι
1130 3163 1570 3240 χαμαιγενέων
1615 3160 2013 3239 ἀνθρώπων,

468 3376 520 3408 v.
544 3362 662 3414 850.
697 3361 884 3427 τρέςς
919 3360 1100 3428 Ἀίδης
1235 3380 1289 3415 v.
1324 3366 1442 3417 870.
1482 3361 1784 3429 Ἀργέςτεω
1818 3310 2087 3429 Ζεφύρου
2120 3378 2192 3417 τε

337 3438 389 3473 v.
427 3425 543 3480 875.
579 3425 736 3478 ἄλλοι
870 3446 927 3482 v.
961 3434 1077 3482 877.
1113 3427 1336 3483 κείνοιςι
