2507 3935
851 201 1042 252 ΕΡΓΑ
1076 202 1204 252 ΚΑΙ
1237 202 1541 254 ΗΜΕΡΑῙ.
2078 203 2162 267 53

241 363 422 443 ἴχνος
467 364 796 443 ἑποίηςεν,
841 366 1072 431 τόςςον
1116 367 1350 430 πέταλ’
1396 365 1577 446 ἀνδρὶ
1620 369 1850 448 φανείη
2060 378 2165 430 680

237 449 304 512 ἐν
352 447 552 533 κράδῃ
599 449 946 554 ἀκροτάτῃ,
991 449 1138 515 τότε
1181 452 1246 514 δ
1278 449 1555 530 ἄμβατός
1602 452 1726 516 ἐςτι
1768 453 2070 517 θάλαςςα·

239 531 516 610 εἰαρινὸς
560 535 625 597 δ’
671 531 862 598 οὗτος
906 535 1165 603 πέλεται
1209 535 1556 599 πλόος.οὔ
1602 557 1703 614 μιν
1748 535 1953 612 ἔγωγε

237 615 472 694 αινημ’·
524 617 602 680 06
645 618 768 696 γὰρ
814 617 946 701 ἐμῷ
990 623 1178 722 θυμῷ
1213 619 1659 698 κεχαριςμένος
1704 619 1897 697 ἐςτίν,

236 699 589 778 ἁρπακτός·
633 703 933 780 χαλεπῶς
977 721 1046 765 κε
1091 702 1325 782 φύγοις
1366 703 1592 768 κακόν·
1625 703 1789 768 ἀλλά
1818 725 1899 770 νυ
1943 703 2043 766 καὶ
2083 704 2164 766 τὰ

235 783 566 886 ἄνθρωποι
612 785 910 863 ρέζουςιν
944 785 1245 870 ἀιδρείῃςι
1288 787 1503 852 νόοιο·
2058 794 2163 846 685

235 869 521 946 χρήματα
563 870 686 947 γὰρ
731 871 908 948 ψυχὴ
953 871 1212 934 πέλεται
1257 873 1513 935 δειλοῑςι
1556 874 1849 951 βροτοῖςι.

236 952 504 1017 δεινὸν
535 954 605 1016 δ’
637 952 762 1017 ἑςτὶ
790 957 1008 1019 θανεῖν
1039 955 1228 1033 μετὰ
1256 954 1605 1034 κύμαςιν.
1654 954 1817 1018 ἀλλά
1848 975 1879 1018 ς
1892 952 2167 1030 ’ἄνωγα

237 1030 582 1115 φράζεςθαι
623 1037 775 1101 τάδε
819 1037 1031 1104 πάντα
1073 1039 1228 1116 μετὰ
1274 1039 1533 1118 φρεςίν,
1580 1037 1669 1102 ὡς
1714 1039 2029 1117 ἀγορεύω.

323 1188 526 1266 Μηδ’
555 1187 650 1253 ἑνὶ
693 1189 912 1265 νηυςὶν
960 1187 1212 1252 ἅπαντα
1259 1188 1399 1267 βίον
1441 1189 1681 1273 κοίλῃςι
1722 1187 2095 1252 τίθεςθαι·

237 1270 400 1336 ἀλλὰ
442 1272 622 1335 πλέω
669 1272 941 1349 λείπειν,
985 1273 1065 1336 τὰ
1109 1273 1180 1335 δὲ
1225 1271 1449 1350 μείονα
1492 1252 1971 1353 φορτίζεςθαι.
2065 1278 2167 1330 690

235 1422 535 1487 Δεινὸν
577 1423 702 1502 γὰρ
745 1422 989 1488 πόντθυ
1034 1423 1222 1501 μετὰ
1263 1422 1542 1501 Κύμαίῑ
1585 1423 1819 1507 Πήματῑ
1862 1425 2095 1500 Κῦρίαῑ.

321 1573 621 1638 Δεινὸν
653 1573 743 1648 δ’,
767 1571 826 1636 εἴ
849 1571 1023 1651 κ’ἐφ’
1045 1571 1289 1650 ἅμαξαν
1319 1571 1704 1651 ὑπέρβιον
1734 1571 1933 1650 ἄχθος
1952 1570 2167 1648 ἀείρας

236 1655 447 1724 ἄξονα,
485 1654 860 1742 καυάξαις
903 1657 1004 1720 καὶ
1047 1655 1317 1736 φορτί’
1362 1654 1781 1735 ἀμαυρωθείη.

241 1807 507 1886 Μέτρα
551 1799 1110 1887 φυλάςςεςθαι·
1155 1806 1373 1884 καιρὸς
1417 1808 1484 1870 δ’
1515 1807 1619 1871 ἐπὶ
1662 1810 1849 1871 πᾶςιν
1896 1805 2166 1885 ἄριςτος.

325 1957 636 2037 Ὡραῖος
680 1959 753 2022 δὲ
795 1960 1066 2033 γυναῖκα
1107 1959 1261 2023 τεὸν
1305 1959 1454 2022 ποτὶ
1498 1957 1683 2024 οἶκον
1727 1957 2010 2034 ἄγεςθαι,
2067 1965 2169 2017 695

243 2044 428 2121 μήτε
473 2041 866 2121 τριηκόντων
911 2041 1110 2105 ἐτέων
1155 2042 1325 2120 μάλα
1368 2042 1566 2105 πόλλ’
1610 2042 1987 2106 ἀπολείπων

242 2128 416 2206 μήτ’
451 2126 682 2190 ἐπιθεὶς
711 2124 882 2203 μάλα
909 2125 1150 2189 πολλά·
1194 2126 1401 2203 γάμος
1429 2126 1500 2189 δέ
1530 2145 1631 2189 τοι
1679 2124 1916 2203 ὥριος
1948 2122 2170 2187 οὗτος·

241 2212 282 2289 ἡ
326 2212 398 2275 δὲ
440 2212 603 2288 γυνὴ
646 2210 861 2288 τέτορ’
905 2209 1138 2288 ἡβώοι,
1185 2210 1454 2292 πέμπτῳ
1500 2210 1572 2273 δὲ
1613 2212 1901 2287 γαμοῖτο.

327 2295 714 2373 παρθενικὴν
759 2294 830 2357 δὲ
874 2295 1126 2370 γαμεῖν,
1178 2292 1269 2356 ὥς
1312 2294 1378 2356 κ’
1420 2292 1578 2370 ἤθεα
1621 2293 1815 2357 κεδνὰ
1858 2292 2141 2375 διδάξῃς·

241 2381 359 2457 τὴν
405 2380 476 2443 δὲ
519 2378 780 2455 μάλιςτα
821 2379 1069 2454 γαμεῖν,
1113 2376 1153 2453 ἥ
1197 2396 1291 2441 τις
1336 2378 1513 2441 ςέθεν
1559 2378 1773 2452 εγγύθι
1815 2376 2009 2451 ναίει,
2070 2384 2172 2435 700
2246 2432 2255 2435 ,

244 2464 458 2528 πάντα
501 2462 656 2540 μάλ’
702 2461 897 2540 ἀμφὶς
939 2459 1130 2539 ἰδών,
1175 2462 1255 2539 μὴ
1299 2459 1528 2535 γείτοςι
1572 2461 1859 2539 χάρματα
1898 2460 2115 2541 γήμῃς.

247 2547 328 2610 06
371 2546 486 2625 μὲν
528 2546 652 2624 γάρ
696 2565 755 2609 τι
797 2544 1098 2620 γυναικὸς
1143 2543 1307 2621 ἀνὴρ
1338 2544 1574 2622 ληίζετ
1607 2541 1869 2620 ἄμεινον

243 2634 359 2708 τῆς
403 2630 672 2707 ἀγαθῆς·
715 2632 828 2731 τῇς
872 2630 941 2692 δ’
985 2626 1138 2691 αὖτε
1179 2630 1373 2703 κακῆς
1416 2626 1496 2690 06
1543 2625 1745 2703 ῥίγιον
1790 2624 1981 2701 ἄλλο,

244 2714 702 2793 δειπνολόχης,
748 2710 788 2789 ἥ
834 2713 897 2776 τ’
943 2710 1150 2789 ἄνδρα
1193 2731 1294 2774 και
1335 2709 1601 2788 ιφθιμόν
1646 2730 1767 2789 περ
1812 2710 2005 2774 ἐόντα

245 2797 380 2863 εὔει
421 2798 573 2876 ἄτερ
617 2799 819 2860 δαλοῦ
863 2796 964 2858 καὶ
1009 2794 1161 2877 ὠμῷ
1205 2794 1396 2873 γήραϊ
1424 2797 1648 2859 δῶκεν.
2072 2802 2173 2854 705

245 2964 347 3029 Εὖ
389 2966 456 3029 δ’
500 2964 680 3029 ὄπιν
738 2963 1156 3028 ἀθανάτων
1202 2962 1503 3041 μακάρων
1559 2962 2174 3107 πεφυλαγξιένος

1906 3065 1936 3108 ε
1966 3065 2069 3110 ναι

339 3151 550 3228 Μηδὲ
592 3149 940 3232 καςιγνήτῳ
984 3146 1127 3211 ἶςον
1170 3148 1481 3210 ποιεῖςθαι
1525 3144 1873 3221 ἑταῖρον·

241 3233 302 3298 εἰ
354 3234 425 3297 δέ
467 3254 536 3297 κε
582 3234 879 3317 ποιήςῃς,
924 3231 1005 3310 μή
1050 3252 1152 3310 μιν
1197 3230 1514 3309 πρότερος
1556 3229 1801 3295 κακὸν
1846 3228 2061 3313 ἔρξῃς,

394 3435 446 3469 v.
485 3420 600 3469 692.
639 3416 739 3468 ἐπ’
773 3416 988 3481 ἄμαξαν
1123 3432 1173 3467 v.
1198 3418 1311 3468 699.
1346 3412 1443 3466 ἵνα
1521 3415 1665 3479 ἤθεα
1756 3428 1807 3464 v.
1832 3415 1950 3469 705.
1986 3368 2078 3464 καὶ
2112 3410 2175 3461 ἑν

237 3485 400 3551 ὠμῷ
435 3483 606 3549 γήραϊ
639 3486 810 3547 θῆκεν
