<?xml version="1.0" encoding="UTF-8"?>
<!DOCTYPE html PUBLIC "-//W3C//DTD XHTML 1.0 Transitional//EN"
    "http://www.w3.org/TR/xhtml1/DTD/xhtml1-transitional.dtd">
<html xmlns="http://www.w3.org/1999/xhtml" xml:lang="en" lang="en">
 <head>
  <title>
</title>
<meta http-equiv="Content-Type" content="text/html;charset=utf-8" />
  <meta name='ocr-system' content='tesseract 3.04.00' />
  <meta name='ocr-capabilities' content='ocr_page ocr_carea ocr_par ocr_line ocrx_word'/>
</head>
<body>
  <div class='ocr_page' id='page_1' title='image "./hesiodeaquaefer00kcgoog_0055.png"; bbox 0 0 2507 3935; ppageno 0'>
   <div class='ocr_carea' id='block_1_1' title="bbox 816 186 2126 268">
    <p class='ocr_par' dir='ltr' id='par_1_1' title="bbox 816 186 2126 268">
     <span class='ocr_line' id='line_1_1' title="bbox 816 186 2126 268; baseline 0.003 -16"><span class='ocrx_word' id='word_1_1' title='bbox 816 200 1008 254; x_wconf 77' lang='grc' dir='ltr'><strong>ΕΡΓΑ</strong></span> <span class='ocrx_word' id='word_1_2' title='bbox 1041 199 1170 254; x_wconf 73' lang='grc' dir='ltr'>ΚΑΙ</span> <span class='ocrx_word' id='word_1_3' title='bbox 1203 200 1509 256; x_wconf 70' lang='lat' dir='ltr'><strong>HMEPAI.</strong></span> <span class='ocrx_word' id='word_1_4' title='bbox 1908 186 1911 196; x_wconf 82' lang='lat'>&#39;</span> <span class='ocrx_word' id='word_1_5' title='bbox 2042 203 2126 268; x_wconf 72' lang='lat'>41</span> 
     </span>
    </p>
   </div>
   <div class='ocr_carea' id='block_1_2' title="bbox 211 365 1885 534">
    <p class='ocr_par' dir='ltr' id='par_1_2' title="bbox 211 365 1885 534">
     <span class='ocr_line' id='line_1_2' title="bbox 211 365 1885 449; baseline 0.002 -17"><span class='ocrx_word' id='word_1_6' title='bbox 211 365 387 448; x_wconf 85' lang='grc' dir='ltr'>ἀντία</span> <span class='ocrx_word' id='word_1_7' title='bbox 431 367 754 446; x_wconf 76' lang='grc' dir='ltr'>δεςμεύων</span> <span class='ocrx_word' id='word_1_8' title='bbox 798 365 1238 445; x_wconf 83' lang='grc' dir='ltr'>κεκονιμένος,</span> <span class='ocrx_word' id='word_1_9' title='bbox 1286 366 1365 432; x_wconf 85' lang='grc' dir='ltr'>οὐ</span> <span class='ocrx_word' id='word_1_10' title='bbox 1409 367 1577 446; x_wconf 77' lang='grc' dir='ltr'>μάλα</span> <span class='ocrx_word' id='word_1_11' title='bbox 1619 368 1885 449; x_wconf 71' lang='grc' dir='ltr'>χαίρων,</span> 
     </span>
     <span class='ocr_line' id='line_1_3' title="bbox 211 451 1841 534; baseline 0 -16"><span class='ocrx_word' id='word_1_12' title='bbox 211 451 392 518; x_wconf 84' lang='grc' dir='ltr'>οἴςεις</span> <span class='ocrx_word' id='word_1_13' title='bbox 440 453 510 515; x_wconf 76' lang='grc' dir='ltr'>δ’</span> <span class='ocrx_word' id='word_1_14' title='bbox 555 452 628 516; x_wconf 78' lang='grc' dir='ltr'>ἐν</span> <span class='ocrx_word' id='word_1_15' title='bbox 673 455 936 534; x_wconf 77' lang='grc' dir='ltr'>φορμῷ·</span> <span class='ocrx_word' id='word_1_16' title='bbox 979 455 1218 531; x_wconf 79' lang='grc' dir='ltr'>παῦροι</span> <span class='ocrx_word' id='word_1_17' title='bbox 1262 451 1333 516; x_wconf 84' lang='grc' dir='ltr'>δέ</span> <span class='ocrx_word' id='word_1_18' title='bbox 1377 471 1451 518; x_wconf 83' lang='grc' dir='ltr'>ςε·</span> <span class='ocrx_word' id='word_1_19' title='bbox 1487 453 1841 532; x_wconf 78' lang='grc' dir='ltr'>θηήςονται.</span> 
     </span>
    </p>
   </div>
   <div class='ocr_carea' id='block_1_3' title="bbox 205 617 1727 783">
    <p class='ocr_par' dir='ltr' id='par_1_3' title="bbox 205 617 1727 783">
     <span class='ocr_line' id='line_1_4' title="bbox 206 617 1709 700; baseline 0.003 -18"><span class='ocrx_word' id='word_1_20' title='bbox 206 618 432 683; x_wconf 84' lang='grc' dir='ltr'>ἄλλοτε</span> <span class='ocrx_word' id='word_1_21' title='bbox 473 617 550 682; x_wconf 82' lang='grc' dir='ltr'>δ’</span> <span class='ocrx_word' id='word_1_22' title='bbox 595 617 861 683; x_wconf 77' lang='grc' dir='ltr'>ἀλλοῖος</span> <span class='ocrx_word' id='word_1_23' title='bbox 903 618 1120 697; x_wconf 87' lang='grc' dir='ltr'>Ζηνὸς</span> <span class='ocrx_word' id='word_1_24' title='bbox 1161 618 1323 685; x_wconf 89' lang='grc' dir='ltr'>νόος</span> <span class='ocrx_word' id='word_1_25' title='bbox 1364 617 1709 700; x_wconf 69' lang='grc' dir='ltr'>αἰγιόχοιο,</span> 
     </span>
     <span class='ocr_line' id='line_1_5' title="bbox 205 701 1727 783; baseline 0.002 -18"><span class='ocrx_word' id='word_1_26' title='bbox 205 702 518 781; x_wconf 79' lang='grc' dir='ltr'>ἀργαλέος</span> <span class='ocrx_word' id='word_1_27' title='bbox 558 703 628 770; x_wconf 79' lang='grc' dir='ltr'>δ’</span> <span class='ocrx_word' id='word_1_28' title='bbox 673 701 965 781; x_wconf 84' lang='grc' dir='ltr'>ἄνδρεςςι</span> <span class='ocrx_word' id='word_1_29' title='bbox 1007 707 1447 782; x_wconf 81' lang='grc' dir='ltr'>καταθνητοῖς-ι</span> <span class='ocrx_word' id='word_1_30' title='bbox 1488 709 1727 783; x_wconf 84' lang='grc' dir='ltr'>νοῆςαι.</span> 
     </span>
    </p>
   </div>
   <div class='ocr_carea' id='block_1_4' title="bbox 200 868 2129 1374">
    <p class='ocr_par' dir='ltr' id='par_1_4' title="bbox 200 868 2129 1370">
     <span class='ocr_line' id='line_1_6' title="bbox 328 868 2127 954; baseline 0.001 -20"><span class='ocrx_word' id='word_1_31' title='bbox 328 870 384 934; x_wconf 83' lang='grc' dir='ltr'>εἰ</span> <span class='ocrx_word' id='word_1_32' title='bbox 413 871 486 936; x_wconf 84' lang='grc' dir='ltr'>δέ</span> <span class='ocrx_word' id='word_1_33' title='bbox 513 889 623 934; x_wconf 86' lang='grc' dir='ltr'>κεν</span> <span class='ocrx_word' id='word_1_34' title='bbox 655 868 769 949; x_wconf 79' lang='grc' dir='ltr'>ὄψ’</span> <span class='ocrx_word' id='word_1_35' title='bbox 786 868 1040 954; x_wconf 87' lang='grc' dir='ltr'>ἀρόςῃς,</span> <span class='ocrx_word' id='word_1_36' title='bbox 1064 870 1214 936; x_wconf 86' lang='grc' dir='ltr'>τόδε</span> <span class='ocrx_word' id='word_1_37' title='bbox 1243 871 1353 938; x_wconf 89' lang='grc' dir='ltr'>κέν</span> <span class='ocrx_word' id='word_1_38' title='bbox 1381 889 1483 936; x_wconf 86' lang='grc' dir='ltr'>τοι</span> <span class='ocrx_word' id='word_1_39' title='bbox 1513 871 1854 952; x_wconf 83' lang='grc' dir='ltr'>φάρμακον</span> <span class='ocrx_word' id='word_1_40' title='bbox 1874 871 1999 952; x_wconf 83' lang='grc' dir='ltr'>εἴη·</span> <span class='ocrx_word' id='word_1_41' title='bbox 2026 881 2127 936; x_wconf 74' lang='lat'>485</span> 
     </span>
     <span class='ocr_line' id='line_1_7' title="bbox 201 953 1676 1033; baseline -0.001 -15"><span class='ocrx_word' id='word_1_42' title='bbox 201 953 357 1032; x_wconf 86' lang='grc' dir='ltr'>ἦμος</span> <span class='ocrx_word' id='word_1_43' title='bbox 400 953 626 1020; x_wconf 78' lang='grc' dir='ltr'>κόκκυξ</span> <span class='ocrx_word' id='word_1_44' title='bbox 671 953 956 1024; x_wconf 74' lang='grc' dir='ltr'>κοκκύζει</span> <span class='ocrx_word' id='word_1_45' title='bbox 998 955 1194 1033; x_wconf 80' lang='grc' dir='ltr'>δρυὸς</span> <span class='ocrx_word' id='word_1_46' title='bbox 1235 954 1311 1020; x_wconf 82' lang='grc' dir='ltr'>έν</span> <span class='ocrx_word' id='word_1_47' title='bbox 1352 955 1676 1022; x_wconf 82' lang='grc' dir='ltr'>πετάλοιοι</span> 
     </span>
     <span class='ocr_line' id='line_1_8' title="bbox 201 1037 2042 1119; baseline 0.003 -17"><span class='ocrx_word' id='word_1_48' title='bbox 201 1040 274 1102; x_wconf 87' lang='grc' dir='ltr'>τὸ</span> <span class='ocrx_word' id='word_1_49' title='bbox 319 1041 584 1117; x_wconf 88' lang='grc' dir='ltr'>πρῶτον</span> <span class='ocrx_word' id='word_1_50' title='bbox 629 1037 848 1116; x_wconf 85' lang='grc' dir='ltr'>τέρπει</span> <span class='ocrx_word' id='word_1_51' title='bbox 889 1055 958 1102; x_wconf 88' lang='grc' dir='ltr'>τε</span> <span class='ocrx_word' id='word_1_52' title='bbox 1005 1039 1278 1118; x_wconf 82' lang='grc' dir='ltr'>βροτοὺς</span> <span class='ocrx_word' id='word_1_53' title='bbox 1324 1039 1433 1104; x_wconf 78' lang='grc' dir='ltr'>ἐπ’</span> <span class='ocrx_word' id='word_1_54' title='bbox 1464 1038 1777 1118; x_wconf 75' lang='grc' dir='ltr'>ἀπείρονα</span> <span class='ocrx_word' id='word_1_55' title='bbox 1818 1041 2042 1119; x_wconf 82' lang='grc' dir='ltr'>γαῖαν,</span> 
     </span>
     <span class='ocr_line' id='line_1_9' title="bbox 200 1119 1877 1204; baseline 0.002 -19"><span class='ocrx_word' id='word_1_56' title='bbox 200 1125 395 1200; x_wconf 89' lang='grc' dir='ltr'>τῆμος</span> <span class='ocrx_word' id='word_1_57' title='bbox 439 1120 606 1188; x_wconf 82' lang='grc' dir='ltr'>Ζεὺς</span> <span class='ocrx_word' id='word_1_58' title='bbox 650 1120 778 1184; x_wconf 83' lang='grc' dir='ltr'>ὕοι</span> <span class='ocrx_word' id='word_1_59' title='bbox 819 1119 1009 1204; x_wconf 82' lang='grc' dir='ltr'>τρίτῳ</span> <span class='ocrx_word' id='word_1_60' title='bbox 1054 1122 1238 1200; x_wconf 83' lang='grc' dir='ltr'>ἤματι</span> <span class='ocrx_word' id='word_1_61' title='bbox 1281 1123 1432 1200; x_wconf 78' lang='grc' dir='ltr'>μηδ’</span> <span class='ocrx_word' id='word_1_62' title='bbox 1478 1121 1877 1202; x_wconf 82' lang='grc' dir='ltr'>ἀπολήγοι,</span> 
     </span>
     <span class='ocr_line' id='line_1_10' title="bbox 203 1203 2057 1285; baseline 0.002 -16"><span class='ocrx_word' id='word_1_63' title='bbox 203 1207 316 1284; x_wconf 89' lang='grc' dir='ltr'>μήτ</span> <span class='ocrx_word' id='word_1_64' title='bbox 329 1203 490 1284; x_wconf 77' lang='grc' dir='ltr'>’ἄρ’</span> <span class='ocrx_word' id='word_1_65' title='bbox 535 1204 963 1283; x_wconf 74' lang='grc' dir='ltr'>ὑπερβάλλων</span> <span class='ocrx_word' id='word_1_66' title='bbox 1009 1206 1164 1285; x_wconf 84' lang='grc' dir='ltr'>βοὸς</span> <span class='ocrx_word' id='word_1_67' title='bbox 1201 1205 1413 1285; x_wconf 81' lang='grc' dir='ltr'>ὁπλὴν</span> <span class='ocrx_word' id='word_1_68' title='bbox 1457 1203 1603 1284; x_wconf 78' lang='grc' dir='ltr'>μήτ’</span> <span class='ocrx_word' id='word_1_69' title='bbox 1648 1205 2057 1273; x_wconf 84' lang='grc' dir='ltr'>ἀπολείπων·</span> 
     </span>
     <span class='ocr_line' id='line_1_11' title="bbox 203 1287 2129 1374; baseline -0.001 -20"><span class='ocrx_word' id='word_1_70' title='bbox 203 1289 370 1354; x_wconf 84' lang='grc' dir='ltr'>οὕτω</span> <span class='ocrx_word' id='word_1_71' title='bbox 416 1290 484 1354; x_wconf 80' lang='grc' dir='ltr'>κ’</span> <span class='ocrx_word' id='word_1_72' title='bbox 530 1287 866 1368; x_wconf 72' lang='grc' dir='ltr'>ὀψαρότης</span> <span class='ocrx_word' id='word_1_73' title='bbox 907 1289 1293 1374; x_wconf 79' lang='grc' dir='ltr'>πρωτηρότῃ</span> <span class='ocrx_word' id='word_1_74' title='bbox 1335 1288 1711 1370; x_wconf 80' lang='grc' dir='ltr'>ἰςοφαρίζοι.</span> <span class='ocrx_word' id='word_1_75' title='bbox 2023 1297 2129 1352; x_wconf 78' lang='grc'>490</span> 
     </span>
    </p>
   </div>
   <div class='ocr_carea' id='block_1_5' title="bbox 199 1455 2087 1621">
    <p class='ocr_par' dir='ltr' id='par_1_5' title="bbox 199 1455 2087 1621">
     <span class='ocr_line' id='line_1_12' title="bbox 320 1455 2087 1541; baseline 0.001 -20"><span class='ocrx_word' id='word_1_76' title='bbox 320 1456 396 1522; x_wconf 78' lang='grc' dir='ltr'>ἐν</span> <span class='ocrx_word' id='word_1_77' title='bbox 441 1461 618 1541; x_wconf 82' lang='grc' dir='ltr'>θυμῷ</span> <span class='ocrx_word' id='word_1_78' title='bbox 664 1456 733 1521; x_wconf 87' lang='grc' dir='ltr'>δ</span> <span class='ocrx_word' id='word_1_79' title='bbox 775 1455 853 1522; x_wconf 79' lang='grc' dir='ltr'>εὖ</span> <span class='ocrx_word' id='word_1_80' title='bbox 894 1456 1106 1524; x_wconf 84' lang='grc' dir='ltr'>πάντα</span> <span class='ocrx_word' id='word_1_81' title='bbox 1149 1456 1325 1537; x_wconf 78' lang='grc' dir='ltr'>φυλά</span> <span class='ocrx_word' id='word_1_82' title='bbox 1364 1475 1504 1524; x_wconf 86' lang='grc' dir='ltr'>ςεο·</span> <span class='ocrx_word' id='word_1_83' title='bbox 1547 1457 1704 1538; x_wconf 86' lang='grc' dir='ltr'>μηδέ</span> <span class='ocrx_word' id='word_1_84' title='bbox 1747 1478 1813 1524; x_wconf 88' lang='grc' dir='ltr'>ςε</span> <span class='ocrx_word' id='word_1_85' title='bbox 1857 1459 2087 1537; x_wconf 80' lang='grc' dir='ltr'>λήθοι</span> 
     </span>
     <span class='ocr_line' id='line_1_13' title="bbox 199 1539 1999 1621; baseline 0.001 -16"><span class='ocrx_word' id='word_1_86' title='bbox 199 1540 342 1620; x_wconf 80' lang='grc' dir='ltr'>μήτ’</span> <span class='ocrx_word' id='word_1_87' title='bbox 384 1539 500 1619; x_wconf 83' lang='grc' dir='ltr'>ἔαρ</span> <span class='ocrx_word' id='word_1_88' title='bbox 543 1540 932 1618; x_wconf 84' lang='grc' dir='ltr'>γιγνόμενον</span> <span class='ocrx_word' id='word_1_89' title='bbox 974 1540 1208 1606; x_wconf 84' lang='grc' dir='ltr'>πολιὸν</span> <span class='ocrx_word' id='word_1_90' title='bbox 1252 1541 1333 1619; x_wconf 82' lang='grc' dir='ltr'>μή</span> <span class='ocrx_word' id='word_1_91' title='bbox 1450 1539 1646 1620; x_wconf 73' lang='grc' dir='ltr'>ὥριος</span> <span class='ocrx_word' id='word_1_92' title='bbox 1690 1541 1999 1621; x_wconf 81' lang='grc' dir='ltr'>ὄμβρος</span> 
     </span>
    </p>
   </div>
   <div class='ocr_carea' id='block_1_6' title="bbox 197 1705 2125 2297">
    <p class='ocr_par' dir='ltr' id='par_1_6' title="bbox 197 1705 2125 2297">
     <span class='ocr_line' id='line_1_14' title="bbox 327 1705 2056 1788; baseline 0.001 -16"><span class='ocrx_word' id='word_1_93' title='bbox 327 1709 461 1786; x_wconf 87' lang='grc' dir='ltr'>πὰρ</span> <span class='ocrx_word' id='word_1_94' title='bbox 506 1707 574 1770; x_wconf 74' lang='grc' dir='ltr'>δ’</span> <span class='ocrx_word' id='word_1_95' title='bbox 614 1705 699 1770; x_wconf 88' lang='grc' dir='ltr'>ἴθι</span> <span class='ocrx_word' id='word_1_96' title='bbox 742 1707 1043 1786; x_wconf 85' lang='grc' dir='ltr'>χάλκειον</span> <span class='ocrx_word' id='word_1_97' title='bbox 1086 1709 1300 1774; x_wconf 82' lang='grc' dir='ltr'>θῶκον</span> <span class='ocrx_word' id='word_1_98' title='bbox 1344 1708 1447 1774; x_wconf 78' lang='grc' dir='ltr'>καὶ</span> <span class='ocrx_word' id='word_1_99' title='bbox 1488 1708 1733 1774; x_wconf 76' lang='grc' dir='ltr'>ἐπαλέα</span> <span class='ocrx_word' id='word_1_100' title='bbox 1774 1709 2056 1788; x_wconf 82' lang='grc' dir='ltr'>λέςχην</span> 
     </span>
     <span class='ocr_line' id='line_1_15' title="bbox 199 1789 1712 1898; baseline 0.003 -42"><span class='ocrx_word' id='word_1_101' title='bbox 199 1792 336 1898; x_wconf 85' lang='grc' dir='ltr'>ὥρῃ</span> <span class='ocrx_word' id='word_1_102' title='bbox 380 1789 695 1875; x_wconf 75' lang='grc' dir='ltr'>χειμερίῃ,</span> <span class='ocrx_word' id='word_1_103' title='bbox 737 1789 938 1855; x_wconf 85' lang='grc' dir='ltr'>ὁπότε</span> <span class='ocrx_word' id='word_1_104' title='bbox 981 1790 1176 1870; x_wconf 84' lang='grc' dir='ltr'>κρύος</span> <span class='ocrx_word' id='word_1_105' title='bbox 1221 1789 1457 1871; x_wconf 81' lang='grc' dir='ltr'>ἀνέρας</span> <span class='ocrx_word' id='word_1_106' title='bbox 1498 1791 1712 1872; x_wconf 83' lang='grc' dir='ltr'>ἔργων</span> 
     </span>
     <span class='ocr_line' id='line_1_16' title="bbox 197 1873 2125 1957; baseline 0 -17"><span class='ocrx_word' id='word_1_107' title='bbox 197 1876 466 1956; x_wconf 87' lang='grc' dir='ltr'>ἰςχάνει,</span> <span class='ocrx_word' id='word_1_108' title='bbox 497 1875 654 1943; x_wconf 82' lang='grc' dir='ltr'>ἔνθα</span> <span class='ocrx_word' id='word_1_109' title='bbox 683 1895 720 1939; x_wconf 90' lang='grc' dir='ltr'>κ</span> <span class='ocrx_word' id='word_1_110' title='bbox 732 1873 1020 1940; x_wconf 78' lang='grc' dir='ltr'>’ἄοκνος</span> <span class='ocrx_word' id='word_1_111' title='bbox 1049 1874 1214 1954; x_wconf 84' lang='grc' dir='ltr'>ἀνὴρ</span> <span class='ocrx_word' id='word_1_112' title='bbox 1244 1875 1406 1956; x_wconf 87' lang='grc' dir='ltr'>μέγα</span> <span class='ocrx_word' id='word_1_113' title='bbox 1434 1873 1621 1942; x_wconf 82' lang='grc' dir='ltr'>οἶκον</span> <span class='ocrx_word' id='word_1_114' title='bbox 1650 1877 1994 1957; x_wconf 63' lang='grc' dir='ltr'>1“όφέλλει,</span> <span class='ocrx_word' id='word_1_115' title='bbox 2025 1887 2125 1940; x_wconf 79' lang='grc'>495</span> 
     </span>
     <span class='ocr_line' id='line_1_17' title="bbox 199 1959 1899 2065; baseline 0.001 -40"><span class='ocrx_word' id='word_1_116' title='bbox 199 1961 278 2040; x_wconf 88' lang='grc' dir='ltr'>μή</span> <span class='ocrx_word' id='word_1_117' title='bbox 323 1980 392 2025; x_wconf 91' lang='grc' dir='ltr'>ςε</span> <span class='ocrx_word' id='word_1_118' title='bbox 435 1961 682 2024; x_wconf 83' lang='grc' dir='ltr'>κακοῦ</span> <span class='ocrx_word' id='word_1_119' title='bbox 725 1961 1123 2039; x_wconf 83' lang='grc' dir='ltr'>χειμῶνος</span> <span class='ocrx_word' id='word_1_120' title='bbox 1165 1959 1478 2040; x_wconf 83' lang='grc' dir='ltr'>ἀμηχανίη</span> <span class='ocrx_word' id='word_1_121' title='bbox 1522 1961 1899 2065; x_wconf 78' lang='grc' dir='ltr'>καταμάρψῃ</span> 
     </span>
     <span class='ocr_line' id='line_1_18' title="bbox 201 2042 1890 2148; baseline 0.001 -39"><span class='ocrx_word' id='word_1_122' title='bbox 201 2046 313 2112; x_wconf 85' lang='grc' dir='ltr'>ςὺν</span> <span class='ocrx_word' id='word_1_123' title='bbox 359 2042 579 2127; x_wconf 85' lang='grc' dir='ltr'>πενίῃ,</span> <span class='ocrx_word' id='word_1_124' title='bbox 624 2044 824 2126; x_wconf 84' lang='grc' dir='ltr'>λεπτῇ</span> <span class='ocrx_word' id='word_1_125' title='bbox 869 2044 942 2108; x_wconf 78' lang='grc' dir='ltr'>δὲ</span> <span class='ocrx_word' id='word_1_126' title='bbox 982 2044 1197 2123; x_wconf 82' lang='grc' dir='ltr'>παχὺν</span> <span class='ocrx_word' id='word_1_127' title='bbox 1240 2044 1415 2109; x_wconf 90' lang='grc' dir='ltr'>πόδα</span> <span class='ocrx_word' id='word_1_128' title='bbox 1456 2044 1614 2124; x_wconf 87' lang='grc' dir='ltr'>χειρι</span> <span class='ocrx_word' id='word_1_129' title='bbox 1655 2046 1890 2148; x_wconf 81' lang='grc' dir='ltr'>πιέζῃς.</span> 
     </span>
     <span class='ocr_line' id='line_1_19' title="bbox 204 2124 2097 2208; baseline 0.001 -13.056"><span class='ocrx_word' id='word_1_130' title='bbox 204 2128 417 2195; x_wconf 86' lang='grc' dir='ltr'>πολλὰ</span> <span class='ocrx_word' id='word_1_131' title='bbox 459 2129 525 2191; x_wconf 53' lang='grc' dir='ltr'>δ)</span> <span class='ocrx_word' id='word_1_132' title='bbox 571 2125 804 2206; x_wconf 87' lang='grc' dir='ltr'>ἀεργὸς</span> <span class='ocrx_word' id='word_1_133' title='bbox 848 2124 1044 2206; x_wconf 84' lang='grc' dir='ltr'>ἀνήρ,</span> <span class='ocrx_word' id='word_1_134' title='bbox 1089 2126 1318 2205; x_wconf 81' lang='grc' dir='ltr'>κενεὴν</span> <span class='ocrx_word' id='word_1_135' title='bbox 1358 2127 1466 2192; x_wconf 85' lang='grc' dir='ltr'>ἐπὶ</span> <span class='ocrx_word' id='word_1_136' title='bbox 1507 2127 1791 2193; x_wconf 80' lang='grc' dir='ltr'>ἐλπίδα</span> <span class='ocrx_word' id='word_1_137' title='bbox 1823 2126 2097 2208; x_wconf 83' lang='grc' dir='ltr'>μίμνων,</span> 
     </span>
     <span class='ocr_line' id='line_1_20' title="bbox 198 2209 1716 2297; baseline -0.002 -18"><span class='ocrx_word' id='word_1_138' title='bbox 198 2210 510 2293; x_wconf 83' lang='grc' dir='ltr'>χρηίζων</span> <span class='ocrx_word' id='word_1_139' title='bbox 557 2210 800 2291; x_wconf 84' lang='grc' dir='ltr'>βιότοιο</span> <span class='ocrx_word' id='word_1_140' title='bbox 843 2211 1006 2275; x_wconf 80' lang='grc' dir='ltr'>κακὰ</span> <span class='ocrx_word' id='word_1_141' title='bbox 1044 2209 1477 2290; x_wconf 82' lang='grc' dir='ltr'>προςελέξατο</span> <span class='ocrx_word' id='word_1_142' title='bbox 1518 2216 1716 2297; x_wconf 74' lang='grc' dir='ltr'>θυμῷ.</span> 
     </span>
    </p>
   </div>
   <div class='ocr_carea' id='block_1_7' title="bbox 198 2376 2125 2547">
    <p class='ocr_par' dir='ltr' id='par_1_7' title="bbox 198 2376 2125 2546">
     <span class='ocr_line' id='line_1_21' title="bbox 325 2376 2125 2462; baseline -0.001 -15"><span class='ocrx_word' id='word_1_143' title='bbox 325 2378 550 2447; x_wconf 81' lang='grc' dir='ltr'>ἐλπὶς</span> <span class='ocrx_word' id='word_1_144' title='bbox 607 2378 838 2444; x_wconf 82' lang='grc' dir='ltr'>δὀὐκ</span> <span class='ocrx_word' id='word_1_145' title='bbox 879 2376 1084 2458; x_wconf 75' lang='grc' dir='ltr'>ἀγαθὴ</span> <span class='ocrx_word' id='word_1_146' title='bbox 1138 2378 1590 2459; x_wconf 84' lang='grc' dir='ltr'>κεχρημένον</span> <span class='ocrx_word' id='word_1_147' title='bbox 1641 2378 1851 2461; x_wconf 82' lang='grc' dir='ltr'>ἄνδρα</span> <span class='ocrx_word' id='word_1_148' title='bbox 1890 2381 2125 2462; x_wconf 78' lang='grc' dir='ltr'>κομίζει</span> 
     </span>
     <span class='ocr_line' id='line_1_22' title="bbox 198 2460 2123 2547; baseline -0.003 -17"><span class='ocrx_word' id='word_1_149' title='bbox 198 2463 437 2544; x_wconf 86' lang='grc' dir='ltr'>ἥμενον</span> <span class='ocrx_word' id='word_1_150' title='bbox 477 2462 553 2530; x_wconf 80' lang='grc' dir='ltr'>ἑν</span> <span class='ocrx_word' id='word_1_151' title='bbox 597 2463 870 2547; x_wconf 85' lang='grc' dir='ltr'>λέςχῃ,</span> <span class='ocrx_word' id='word_1_152' title='bbox 912 2466 1005 2546; x_wconf 80' lang='grc' dir='ltr'>τῷ</span> <span class='ocrx_word' id='word_1_153' title='bbox 1049 2463 1130 2543; x_wconf 80' lang='grc' dir='ltr'>μὴ</span> <span class='ocrx_word' id='word_1_154' title='bbox 1177 2462 1313 2543; x_wconf 85' lang='grc' dir='ltr'>βίος</span> <span class='ocrx_word' id='word_1_155' title='bbox 1355 2460 1572 2543; x_wconf 83' lang='grc' dir='ltr'>ἄρκιος</span> <span class='ocrx_word' id='word_1_156' title='bbox 1610 2462 1724 2542; x_wconf 82' lang='grc' dir='ltr'>εἴη.</span> <span class='ocrx_word' id='word_1_157' title='bbox 2022 2474 2123 2525; x_wconf 83' lang='lat'>501</span> 
     </span>
    </p>
   </div>
   <div class='ocr_carea' id='block_1_8' title="bbox 205 2628 2008 2794">
    <p class='ocr_par' dir='ltr' id='par_1_8' title="bbox 205 2628 2008 2794">
     <span class='ocr_line' id='line_1_23' title="bbox 325 2628 2008 2710; baseline -0.001 -14"><span class='ocrx_word' id='word_1_158' title='bbox 325 2631 575 2697; x_wconf 79' lang='grc' dir='ltr'>δείκνυε</span> <span class='ocrx_word' id='word_1_159' title='bbox 617 2630 691 2695; x_wconf 79' lang='grc' dir='ltr'>δὲ</span> <span class='ocrx_word' id='word_1_160' title='bbox 733 2630 998 2710; x_wconf 83' lang='grc' dir='ltr'>δμώεςςι</span> <span class='ocrx_word' id='word_1_161' title='bbox 1039 2629 1319 2708; x_wconf 81' lang='grc' dir='ltr'>θέρευς</span> <span class='ocrx_word' id='word_1_162' title='bbox 1349 2628 1440 2693; x_wconf 87' lang='grc' dir='ltr'>ἔτι</span> <span class='ocrx_word' id='word_1_163' title='bbox 1481 2629 1709 2709; x_wconf 90' lang='grc' dir='ltr'>μέςςου</span> <span class='ocrx_word' id='word_1_164' title='bbox 1752 2629 2008 2695; x_wconf 82' lang='grc' dir='ltr'>ἐόντος·</span> 
     </span>
     <span class='ocr_line' id='line_1_24' title="bbox 205 2712 1745 2794; baseline 0 -15"><span class='ocrx_word' id='word_1_165' title='bbox 205 2714 362 2783; x_wconf 78' lang='grc' dir='ltr'>«οὐκ</span> <span class='ocrx_word' id='word_1_166' title='bbox 405 2714 525 2782; x_wconf 82' lang='grc' dir='ltr'>αἰεὶ</span> <span class='ocrx_word' id='word_1_167' title='bbox 566 2714 755 2794; x_wconf 87' lang='grc' dir='ltr'>θέρος</span> <span class='ocrx_word' id='word_1_168' title='bbox 793 2712 1095 2791; x_wconf 74' lang='grc' dir='ltr'>ἑςςεῑτ-αι,</span> <span class='ocrx_word' id='word_1_169' title='bbox 1138 2714 1419 2782; x_wconf 85' lang='grc' dir='ltr'>ποιεῖςθε</span> <span class='ocrx_word' id='word_1_170' title='bbox 1461 2713 1699 2779; x_wconf 71' lang='grc' dir='ltr'>καλιάς.</span> <span class='ocrx_word' id='word_1_171' title='bbox 1718 2736 1745 2771; x_wconf 83' lang='lat'><strong>»</strong></span> 
     </span>
    </p>
   </div>
   <div class='ocr_carea' id='block_1_9' title="bbox 200 2834 2127 3297">
    <p class='ocr_par' dir='ltr' id='par_1_9' title="bbox 200 2834 2127 3297">
     <span class='ocr_line' id='line_1_25' title="bbox 330 2834 2127 2962; baseline -0.001 -15"><span class='ocrx_word' id='word_1_172' title='bbox 330 2883 528 2962; x_wconf 79' lang='grc' dir='ltr'>Μήνα</span> <span class='ocrx_word' id='word_1_173' title='bbox 567 2882 641 2947; x_wconf 78' lang='grc' dir='ltr'>δὲ</span> <span class='ocrx_word' id='word_1_174' title='bbox 681 2881 1044 2961; x_wconf 82' lang='grc' dir='ltr'>Ληναιῶνα,</span> <span class='ocrx_word' id='word_1_175' title='bbox 1089 2880 1259 2947; x_wconf 80' lang='grc' dir='ltr'>κάκ’</span> <span class='ocrx_word' id='word_1_176' title='bbox 1284 2834 1522 2962; x_wconf 80' lang='grc' dir='ltr'>ἤματα,</span> <span class='ocrx_word' id='word_1_177' title='bbox 1559 2880 1853 2961; x_wconf 84' lang='grc' dir='ltr'>βούδορα</span> <span class='ocrx_word' id='word_1_178' title='bbox 1894 2881 2127 2959; x_wconf 84' lang='grc' dir='ltr'>πάντα,</span> 
     </span>
     <span class='ocr_line' id='line_1_26' title="bbox 200 2964 2127 3053; baseline -0.002 -23"><span class='ocrx_word' id='word_1_179' title='bbox 200 2969 439 3033; x_wconf 79' lang='grc' dir='ltr'>τοῦτον</span> <span class='ocrx_word' id='word_1_180' title='bbox 484 2964 824 3031; x_wconf 78' lang='grc' dir='ltr'>ἀλεύαςθαι</span> <span class='ocrx_word' id='word_1_181' title='bbox 864 2966 966 3031; x_wconf 84' lang='grc' dir='ltr'>καὶ</span> <span class='ocrx_word' id='word_1_182' title='bbox 993 2966 1315 3045; x_wconf 81' lang='grc' dir='ltr'>πηγάδας,</span> <span class='ocrx_word' id='word_1_183' title='bbox 1358 2964 1427 3030; x_wconf 75' lang='grc' dir='ltr'>αἵ</span> <span class='ocrx_word' id='word_1_184' title='bbox 1466 2966 1536 3030; x_wconf 75' lang='grc' dir='ltr'>τ’</span> <span class='ocrx_word' id='word_1_185' title='bbox 1576 2965 1681 3031; x_wconf 79' lang='grc' dir='ltr'>ἐπὶ</span> <span class='ocrx_word' id='word_1_186' title='bbox 1694 2968 1910 3053; x_wconf 85' lang='grc' dir='ltr'>γαῖαν</span> <span class='ocrx_word' id='word_1_187' title='bbox 2023 2974 2127 3027; x_wconf 79' lang='lat'>505</span> 
     </span>
     <span class='ocr_line' id='line_1_27' title="bbox 202 3028 1753 3129; baseline 0.001 -15"><span class='ocrx_word' id='word_1_188' title='bbox 202 3052 604 3117; x_wconf 82' lang='grc' dir='ltr'>πνεύςαντος</span> <span class='ocrx_word' id='word_1_189' title='bbox 649 3050 898 3129; x_wconf 84' lang='grc' dir='ltr'>Βορέαο</span> <span class='ocrx_word' id='word_1_190' title='bbox 945 3050 1317 3127; x_wconf 84' lang='grc' dir='ltr'>δυςηλεγέες</span> <span class='ocrx_word' id='word_1_191' title='bbox 1356 3028 1753 3126; x_wconf 84' lang='grc' dir='ltr'>τελέθουςιν,</span> 
     </span>
     <span class='ocr_line' id='line_1_28' title="bbox 203 3131 1773 3239; baseline -0.001 -42"><span class='ocrx_word' id='word_1_192' title='bbox 203 3132 276 3197; x_wconf 89' lang='grc' dir='ltr'>ὅς</span> <span class='ocrx_word' id='word_1_193' title='bbox 320 3156 390 3201; x_wconf 90' lang='grc' dir='ltr'>τε</span> <span class='ocrx_word' id='word_1_194' title='bbox 433 3132 541 3199; x_wconf 86' lang='grc' dir='ltr'>διὰ</span> <span class='ocrx_word' id='word_1_195' title='bbox 583 3132 834 3239; x_wconf 81' lang='grc' dir='ltr'>Θρῄκης</span> <span class='ocrx_word' id='word_1_196' title='bbox 875 3131 1295 3212; x_wconf 82' lang='grc' dir='ltr'>ἱπποτρόφου</span> <span class='ocrx_word' id='word_1_197' title='bbox 1337 3132 1507 3211; x_wconf 81' lang='grc' dir='ltr'>εὐρέι</span> <span class='ocrx_word' id='word_1_198' title='bbox 1548 3131 1773 3215; x_wconf 81' lang='grc' dir='ltr'>πόντῳ</span> 
     </span>
     <span class='ocr_line' id='line_1_29' title="bbox 201 3214 1741 3297; baseline -0.001 -16"><span class='ocrx_word' id='word_1_199' title='bbox 201 3216 562 3296; x_wconf 54' lang='lat' dir='ltr'>{amesseae</span> <span class='ocrx_word' id='word_1_200' title='bbox 605 3216 828 3296; x_wconf 84' lang='grc' dir='ltr'>ὤρινε·</span> <span class='ocrx_word' id='word_1_201' title='bbox 869 3216 1102 3297; x_wconf 84' lang='grc' dir='ltr'>μέμυκε</span> <span class='ocrx_word' id='word_1_202' title='bbox 1143 3218 1216 3281; x_wconf 81' lang='grc' dir='ltr'>δὲ</span> <span class='ocrx_word' id='word_1_203' title='bbox 1258 3216 1410 3292; x_wconf 83' lang='grc' dir='ltr'>γαῖα</span> <span class='ocrx_word' id='word_1_204' title='bbox 1451 3216 1553 3281; x_wconf 85' lang='grc' dir='ltr'>καὶ</span> <span class='ocrx_word' id='word_1_205' title='bbox 1594 3214 1741 3295; x_wconf 85' lang='grc' dir='ltr'>υλη·</span> 
     </span>
    </p>
   </div>
   <div class='ocr_carea' id='block_1_10' title="bbox 198 3352 608 3365">
    <p class='ocr_par' dir='ltr' id='par_1_10' title="bbox 198 3352 608 3365">
     <span class='ocr_line' id='line_1_30' title="bbox 198 3352 608 3365; baseline 0 570"><span class='ocrx_word' id='word_1_206' title='bbox 198 3352 608 3365; x_wconf 95' lang='lat' dir='ltr'> </span> 
     </span>
    </p>
   </div>
   <div class='ocr_carea' id='block_1_11' title="bbox 203 3414 2123 3553">
    <p class='ocr_par' dir='ltr' id='par_1_11' title="bbox 203 3414 2123 3553">
     <span class='ocr_line' id='line_1_31' title="bbox 203 3414 2123 3553; baseline -0.003 -80"><span class='ocrx_word' id='word_1_207' title='bbox 203 3421 550 3553; x_wconf 52' lang='grc' dir='ltr'>βουδῖρξθι</span> <span class='ocrx_word' id='word_1_208' title='bbox 589 3416 735 3485; x_wconf 85' lang='grc' dir='ltr'>λήθῃ</span> <span class='ocrx_word' id='word_1_209' title='bbox 871 3435 924 3475; x_wconf 70' lang='lat' dir='ltr'>v.</span> <span class='ocrx_word' id='word_1_210' title='bbox 961 3420 1079 3482; x_wconf 69' lang='lat'>493.</span> <span class='ocrx_word' id='word_1_211' title='bbox 1115 3415 1220 3473; x_wconf 73' lang='grc' dir='ltr'>ἐπ’</span> <span class='ocrx_word' id='word_1_212' title='bbox 1252 3414 1391 3471; x_wconf 82' lang='grc' dir='ltr'>ἀλέα</span> <span class='ocrx_word' id='word_1_213' title='bbox 1426 3422 1483 3469; x_wconf 80' lang='lat' dir='ltr'>et</span> <span class='ocrx_word' id='word_1_214' title='bbox 1517 3416 1618 3469; x_wconf 83' lang='grc' dir='ltr'>ἐπ’</span> <span class='ocrx_word' id='word_1_215' title='bbox 1652 3414 1786 3485; x_wconf 83' lang='grc' dir='ltr'>ἀλέᾳ</span> <span class='ocrx_word' id='word_1_216' title='bbox 1918 3433 1971 3470; x_wconf 78' lang='lat' dir='ltr'>v.</span> <span class='ocrx_word' id='word_1_217' title='bbox 2006 3419 2123 3469; x_wconf 77' lang='lat'>504.</span> 
     </span>
    </p>
   </div>
  </div>
 </body>
</html>
