2507 3935
308 228 359 299 4
1114 231 1453 284 ΗΣΙοΔοΤ

315 396 530 481 ίθείῃςι
575 397 841 482 δίκῃςιν·
885 397 924 460 ὃ
969 398 1036 460 δ’
1081 396 1421 476 ἀςφαλέως
1465 395 1802 475 ἀγορεύων

317 480 488 560 αἶψά
529 501 598 546 τε
643 484 745 546 καὶ
787 482 949 559 μέγα
992 484 1202 547 νεῖκος
1245 481 1675 559 ἐπιςταμένως
1717 479 2088 546 κατέπαυςε.

444 648 719 714 τοῦνεκα
761 649 886 727 γὰρ
931 651 1216 728 βαςιλῆες
1262 626 1635 727 ἐχέφρονες,
1681 646 1915 713 οὕνεκα
1958 648 2140 711 λαοῖς

318 733 784 812 βλαπτομένοις
827 732 1108 810 ἀγορῆφι
1150 732 1518 811 μετάτροπα
1562 731 1719 810 ἔργα
1761 733 2005 794 τελεῦςι

323 817 581 895 ῥηιδίως
599 865 616 894 ,
659 818 988 895 μαλακοῑςι
1032 817 1509 896 παραιφάμενοι
1550 814 1847 879 ἐπέεςςιν.
2176 819 2247 872 90

446 983 798 1063 ἐρχόμενον
843 984 911 1046 δ’
954 982 1068 1047 ἀν’
1111 983 1336 1057 ἀγῶνα
1376 982 1530 1046 θεὸν
1576 981 1668 1045 ὣς
1707 979 2071 1045 ίλάςκονται

320 1066 490 1130 αἰδοῖ
530 1067 826 1150 μειλιχίῃ,
869 1067 1026 1145 μετὰ
1069 1067 1141 1130 δὲ
1183 1065 1414 1143 πρέπει
1456 1064 1916 1143 ἀγρομένοιςιν.

324 1223 436 1296 οἶά
477 1255 550 1297 τε
591 1231 946 1296 Μουσάων
991 1229 1137 1315 ἱερὴ
1183 1231 1371 1306 δόσις
1414 1227 1902 1314 ἀνθρώποισιν.

452 1400 523 1464 ἐκ
563 1401 686 1477 γὰρ
734 1399 1058 1464 Μουςάων
1102 1399 1203 1462 καὶ
1247 1397 1559 1478 ἑκηβόλου
1603 1396 2018 1462 Ἀπόλλωνος

325 1482 559 1561 ἄνδρες
602 1483 811 1547 ἀοιδοὶ
854 1483 1026 1547 ἐαςιν
1069 1482 1175 1545 ἐπὶ
1218 1482 1422 1561 χθόνα
1463 1482 1564 1545 καὶ
1607 1481 1977 1559 κιθαριςταί,
2178 1486 2251 1540 95

323 1568 394 1631 ἐκ
437 1569 508 1631 δὲ
552 1567 713 1630 Διὸς
759 1568 1063 1645 βαςιλῆες.
1107 1567 1146 1630 ὃ
1191 1566 1261 1628 δ’
1305 1565 1555 1644 ὄλβιος,
1601 1564 1678 1631 ὅν
1722 1583 1864 1629 τινα
1909 1565 2159 1627 Μοῦςαι

325 1653 669 1732 φίλωνται·
713 1649 983 1728 γλυκερή
1029 1648 1094 1713 οἱ
1137 1648 1269 1713 ἀπὸ
1315 1650 1622 1727 ςτόματος
1666 1649 1795 1726 ῥέει
1840 1646 2016 1724 αὐδή.

327 1735 382 1800 εἰ
421 1735 542 1812 γάρ
584 1754 680 1797 τις
723 1734 823 1797 καὶ
866 1733 1104 1797 πένθος
1148 1731 1319 1811 ἔχων
1362 1733 1651 1810 νεοκηδέι
1694 1737 1870 1812 θυμῷ

325 1817 547 1895 ἄζηται
589 1817 846 1894 κραδίην
892 1815 1323 1895 ἀκαχήμενος,
1368 1815 1571 1893 αὐτὰρ
1616 1814 1838 1879 ἀοιδὸς

333 1901 659 1964 Μουςάων
705 1899 1004 1979 θεράπων
1047 1903 1222 1962 κλεῖα
1264 1899 1602 1978 προτέρων
1644 1897 2011 1978 ἀνθρώπων
2154 1907 2257 1960 100

329 1984 571 2068 ύμνήςῃ
616 1983 900 2062 μάκαράς
940 2004 1012 2048 τε
1054 1984 1277 2060 θεούς,
1324 1984 1389 2047 οἳ
1429 1982 1767 2062 Ὄλυμπον
1810 1982 2085 2061 ἔχουςιν,

327 2068 481 2147 αἶψ’
511 2068 549 2131 ὅ
593 2088 667 2148 γε
711 2068 1134 2153 δυςφρονέων
1179 2068 1567 2145 ἐπιλήθεται,
1615 2066 1768 2131 οὐδέ
1810 2086 1869 2129 τι
1910 2066 2157 2145 κηδέων

331 2154 665 2231 μέμνηται,
710 2153 955 2230 ταχέως
999 2153 1071 2215 δὲ
1113 2152 1482 2231 παρέτραπε
1524 2156 1707 2229 δῶρα
1749 2150 1979 2216 θεάων.

455 2319 704 2399 χαίρετε
747 2318 940 2384 τέκνα
981 2319 1174 2393 Διός,
1219 2318 1369 2382 δότε
1413 2318 1481 2381 δ’
1506 2317 1869 2396 ἱμερόεςςαν
1915 2316 2155 2394 ἀοιδήν.

331 2403 570 2468 κλείετε
613 2404 682 2467 δ’
725 2400 1064 2467 ἀθανάτων
1107 2401 1285 2480 ἱερὸν
1329 2401 1520 2475 γένος
1562 2400 1698 2466 αἰὲν
1744 2400 2013 2476 ἐόντων,
2157 2408 2255 2460 105

336 2487 403 2551 οἳ
449 2488 565 2563 Γῆς
609 2486 985 2562 ἐξεγένοντο
1028 2488 1131 2548 καὶ
1174 2484 1474 2562 Οὐρανοῦ
1520 2484 1930 2563 ἀςτερόεντος

335 2570 577 2636 Νυκτός
619 2590 687 2635 τε
730 2572 1086 2649 δνοφερῆς,
1133 2568 1247 2633 οὕς
1278 2569 1345 2633 θ’
1373 2567 1653 2646 ἁλμυρὸς
1694 2567 1927 2648 ἔτρεφε
1965 2566 2253 2631 Πόντος·

460 2736 680 2801 εἴπατε
723 2738 812 2814 δ’,
859 2737 950 2801 ὡς
985 2739 1063 2800 τὰ
1105 2740 1333 2815 πρῶτα
1376 2737 1511 2801 θεοὶ
1551 2738 1652 2801 καὶ
1694 2739 1844 2812 γαῖα
1884 2736 2160 2810 γένοντο

337 2820 437 2883 καὶ
481 2820 757 2898 ποταμοὶ
797 2821 898 2883 καὶ
941 2820 1181 2885 πόντος
1226 2820 1547 2897 ἀπείριτος
1592 2819 1837 2898 οἴδματι
1877 2819 2054 2882 θύων

335 2901 532 2981 ἄςτρα
560 2924 628 2967 τε
659 2903 1120 2981 λαμπετόωντα
1150 2904 1249 2967 καὶ
1281 2902 1559 2980 οὐρανὸς
1590 2904 1776 2982 εὐρὺς
1806 2901 2108 2981 ὕπερθεν·
2154 2911 2255 2961 110

337 2986 403 3051 οἵ
444 2986 512 3049 τ’
557 2986 626 3050 ἐκ
665 2991 800 3051 τῶν
844 2987 1152 3062 ἐγένοντο
1197 2988 1332 3050 θεοὶ
1375 2991 1654 3066 δωτῆρες
1702 2986 1895 3063 ἐάων,

339 3070 430 3132 ὥς
472 3071 540 3134 τ’
583 3068 829 3149 ἄφενος
872 3070 1182 3136 δάςςαντο
1227 3071 1328 3134 καὶ
1373 3069 1462 3133 ὡς
1504 3070 1680 3150 τιμὰς
1724 3070 2037 3144 διέλοντο,

339 3151 454 3230 ἠδὲ
495 3154 598 3216 καὶ
641 3153 731 3217 ὡς
771 3154 852 3217 τὰ
893 3157 1121 3232 πρῶτα
1161 3154 1579 3233 πολύπτυχον
1625 3153 1815 3231 ἔςχον
1858 3152 2213 3230 Ὄλυμπον.

337 3318 648 3381 -ταῦτά
668 3342 782 3400 μοι
807 3321 1040 3383 ἔσπετε
1053 3322 1333 3384 Μοῦσαι
1358 3318 1695 3403 Ὀλύμπιοι
1718 3318 2257 3403 δώματ’ἔχουσαι

475 3516 527 3551 v.
565 3503 646 3551 91.
685 3500 792 3554 ἀνὰ
827 3502 962 3556 ἄςτυ
1098 3521 1151 3557 v.
1187 3509 1270 3558 94.
1306 3504 1367 3558 ἐκ
1404 3504 1505 3571 μὲν
1641 3502 2003 3556 Ἀπόλλωνος
2038 3500 2261 3567 ἑκάτοιο
