2507 3935
365 207 450 274 58
1143 206 1485 258 ΗΣῙοΔοΤ

367 373 522 452 ἠοῦς
575 374 982 452 γιγνομένης·
1027 372 1130 437 ἐπὶ
1173 373 1386 438 δείελα
1430 373 1497 438 δ’
1541 373 1662 437 ἐςτὶ
1705 373 1994 451 χερείων.

451 458 622 523 αἵδε
665 460 778 535 μὲν
821 458 1105 538 ἡμέραι
1148 457 1341 521 εἰςὶν
1386 457 1774 535 ἐπιχθονίοις
1818 458 1961 534 μέγ’
2009 455 2250 534 ὄνειαρ,

367 541 431 606 αἱ
473 543 540 604 δ’
583 539 815 606 ἄλλαι
860 541 1283 619 μετάδουποι,
1329 539 1611 619 ἀκήριοι,
1659 541 1739 604 οὔ
1781 561 1839 604 τι
1879 541 2206 621 φέρουςαι.

364 706 644 774 Ἄλλος
687 709 754 773 δ’
790 707 1055 786 ἀλλοίην
1101 707 1291 784 αἰνεῖ,
1337 711 1630 786 παῦροι
1675 708 1756 772 δέ
1799 707 1864 772 τ’
1904 706 2179 774 ἴςαςιν.

369 877 686 941 ’Άλλοτε
730 878 991 957 μητρυιὴ
1037 875 1214 941 πέλει
1258 875 1537 956 ἡμέρη,
1582 872 1870 940 ἄλλοτε
1914 875 2129 954 μήτηρ.
2190 885 2287 936 825

374 1019 382 1030 ’
451 1043 643 1108 Τᾶων
687 1001 1020 1121 εὐδαίμωνΐ
1050 1063 1120 1108 τε
1162 1044 1265 1106 καὶ
1309 1041 1560 1122 ὄλβιος,
1604 1043 1679 1106 ὃς
1722 1042 1874 1106 τάδε
1911 1042 2125 1108 πάντα

369 1125 602 1192 εἰδὼς
647 1127 1071 1206 ἐργάζηται
1115 1127 1397 1192 ἀναίτιος
1441 1125 1989 1204 ἀθανάτοιςιν,

370 1209 694 1290 ὄρνιθας
737 1213 1026 1292 κρίνων
1071 1211 1172 1274 καὶ
1216 1210 1597 1290 ὑπερβαςίας
1640 1209 2050 1276 ἀλεείνων.

1097 1611 1563 1687 ΗΣΙΟΔΟΤ
1669 1657 1673 1661 -

907 1747 1170 1798 ΑΣΠῙΣ
1217 1747 1763 1800 ΗΡΑΚΛΕΟΤΣ.

356 1961 366 1971 “
453 1963 535 2029 Ἢ
584 1962 685 2042 οἵη
731 1964 1132 2041 προλιποῦςα
1174 1963 1414 2043 δόμους
1455 1965 1558 2028 καὶ
1596 1963 1870 2043 πατρίδα
1910 1967 2099 2040 γαῖαν

369 2046 602 2126 ἤλυθεν
647 2048 713 2113 ἐς
757 2049 970 2127 Θήβας
1015 2050 1156 2127 μετ’
1201 2049 1429 2127 ἀρήιον
1473 2050 1919 2129 Ἀμφιτρύωνα
2175 2057 2178 2058 ’

369 2132 711 2210 Ἀλκμήνη,
756 2133 1033 2210 θυγάτηρ
1079 2134 1391 2197 λαοςςόου
1435 2133 1945 2211 Ἠλεκτρύωνος,

371 2217 410 2294 ἥ
458 2215 538 2293 ῥα
578 2224 899 2299 γυναικῶν
944 2219 1158 2295 φῦλον
1203 2217 1495 2282 ἐκαίνυτο
1540 2217 1947 2295 θηλυτεράων

372 2298 526 2363 εἴδεΐ
569 2320 638 2363 τε
682 2302 927 2379 μεγέθει
969 2320 1070 2364 τε·
1116 2301 1275 2365 νόον
1321 2321 1397 2377 γε
1438 2302 1553 2380 μὲν
1600 2300 1679 2376 οὔ
1722 2321 1815 2364 τις
1858 2300 2022 2378 ἔριζε
2256 2308 2289 2359 5

370 2383 566 2459 τάων,
611 2383 687 2446 ἃς
729 2384 948 2460 θνηταὶ
990 2386 1247 2461 θνητοῖς
1290 2384 1477 2448 τέκον
1524 2383 1901 2463 εὐνηθεῖςαι·

373 2470 489 2542 τῆς
531 2466 633 2530 καὶ
676 2467 808 2531 ἀπὸ
853 2469 1082 2544 κρῆθεν
1129 2468 1472 2547 βλεφάρων
1515 2468 1584 2531 τ’
1627 2467 1757 2532 ἀπὸ
1801 2468 2137 2532 κυανεάων

369 2553 552 2615 τοῖον
597 2549 768 2628 ἄηθ’,
813 2548 955 2615 οἷόν
998 2570 1066 2614 τε
1111 2552 1520 2630 πολυχρύςου
1564 2552 1957 2631 Ἀφροδίτης.

369 2635 409 2711 ἢ
455 2636 527 2699 δὲ
569 2636 670 2700 καὶ
713 2634 804 2699 ὧς
844 2636 1004 2699 κατὰ
1046 2637 1246 2714 θυμὸν
1294 2635 1405 2700 ἑὸν
1449 2634 1685 2700 τίεςκεν
1731 2635 2009 2714 ἀκοίτην,

373 2718 463 2781 ὡς
509 2718 587 2783 οὔ
631 2719 736 2781 πώ
780 2740 873 2783 τις
917 2719 1076 2783 ἕτιςε
1119 2726 1439 2795 γυναικῶν
1484 2720 1924 2798 θηλυτεράων·
2226 2729 2289 2781 10

369 2802 410 2879 ἦ
453 2804 576 2879 μήν
623 2801 684 2865 οἱ
725 2804 958 2881 πατέρ’
1001 2802 1230 2867 ἐςθλόν
1276 2802 1628 2869 ἀπέκτανεν
1671 2802 1774 2883 ἶφι
1819 2804 2163 2882 δαμάςςας,

369 2886 742 2964 χωςάμενος
784 2889 928 2963 περὶ
972 2886 1174 2963 βουςί·
1223 2887 1429 2951 λιπὼν
1473 2888 1541 2949 δ’
1586 2886 1624 2949 ὅ
1668 2907 1741 2964 γε
1785 2886 2059 2965 πατρίδα
2100 2891 2287 2964 γαῖαν

373 2970 439 3034 ἐς
482 2968 695 3048 Θήβας
736 2968 1008 3033 ίκέτευςε
1052 2971 1476 3047 φερεςςακέας
1522 2972 1884 3049 Καδμείους.

455 3054 602 3119 ἔνθ’
645 3052 684 3115 ὅ
727 3073 802 3129 γε
846 3054 1090 3131 δώματ’
1133 3054 1309 3119 ἔναιε
1354 3056 1463 3119 ςὺν
1509 3055 1715 3140 αἰδοίῃ
1759 3056 2095 3135 παρακοίτι

370 3138 603 3218 νόςφιν
647 3136 796 3217 ἄτερ
841 3138 1187 3218 φιλότητος
1230 3139 1569 3217 ἐφιμέρου·
1612 3140 1690 3204 οὐ
1734 3141 1855 3219 γάρ
1900 3140 2008 3204 ΐοὶ
2050 3140 2166 3219 ἦεν
2227 3148 2287 3199 15

370 3224 522 3300 πρὶν
568 3222 813 3300 λεχέων
857 3222 1148 3301 ἐπιβῆναι
1196 3222 1521 3301 ἐυςφύρου
1563 3224 2068 3302 Ἠλεκτρυώνης,

370 3304 521 3380 πρίν
565 3325 640 3381 γε
683 3306 900 3385 φόνον
944 3306 1178 3369 τίςαιτο
1223 3308 1613 3383 καςιγνήτων
1658 3309 2037 3386 μεγαθύμων

371 3384 448 3461 ἦς
490 3386 766 3465 ἀλόχου,
812 3390 1066 3472 μαλερῷ
1111 3392 1183 3453 δὲ
1225 3391 1611 3469 καταφλέξαι
1653 3394 1803 3470 πυρὶ
1846 3392 2060 3470 κώμας

372 3467 628 3544 ἀνδρῶν
672 3471 909 3547 ἡρώων
953 3473 1219 3551 Ταφίων
1266 3474 1358 3537 ἰδὲ
1400 3474 1803 3554 Τηλεβοάων.
