2507 3935
958 207 1354 262 ΘΕοΓοΝῑΑ.
2041 208 2126 274 27

205 376 581 454 πιμπλεῦςαι
624 373 838 440 κόνιός
881 395 949 440 τε
992 376 1092 439 καὶ
1135 375 1459 454 ἀργαλέου
1501 377 1911 455 κολοςυρτοῦ.
2024 383 2129 437 880

331 541 533 620 αὐτὰρ
579 542 716 605 ἐπεί
761 542 842 621 ῥα
883 543 1096 607 πόνον
1141 543 1415 622 μάκαρες
1457 543 1593 608 θεοὶ
1634 543 2065 622 ἑξετέλεςςαν,

207 623 528 702 Τιτήνεςςι
570 627 640 690 δὲ
683 625 923 704 τιμάων
968 625 1267 704 κρίναντο
1314 626 1519 705 βίηφι,

205 708 284 785 δή
330 708 412 788 ῥα
453 708 596 773 τότ’
641 709 936 788 ὤτρυνον
983 710 1383 788 βαςιλευέμεν
1426 711 1539 788 ἠδὲ
1584 709 1877 774 ἀνάςςειν

211 793 388 871 Γαίης
433 794 946 876 φραδμοςύνῃςιν
991 793 1342 872 Ὀλύμπιον
1388 794 1674 872 εὐρύοπα
1716 793 1853 872 Ζῆν

207 875 574 942 ἀθανάτων·
621 877 657 940 ὃ
702 879 773 941 δὲ
815 879 1012 941 τοῖςιν
1058 877 1130 940 ἐὺ
1174 877 1538 941 διεδάςςατο
1584 876 1777 956 τιμάς.
2028 885 2127 938 885

333 1043 494 1108 Ζεὺς
525 1043 596 1108 δὲ
625 1049 793 1108 θεῶν
827 1045 1110 1123 βαςιλεὺς
1140 1046 1404 1124 πρώτην
1435 1023 1689 1123 ἄλοχον
1718 1044 1864 1108 θέτο
1899 1043 2125 1121 Μῆτιν,

205 1129 463 1191 πλεῑςτα
506 1131 675 1193 θεῶν
721 1129 958 1192 εἰδυῖαν
1004 1129 1096 1191 ἰδὲ
1137 1132 1391 1205 θνητῶν
1436 1128 1819 1206 ἀνθρώπων.

333 1210 482 1273 ἄλλ’
526 1209 636 1275 ὅτε
680 1213 756 1288 δή
802 1211 868 1289 ῥ’
911 1211 1140 1290 ἤμελλε
1183 1212 1337 1275 θεὰν
1380 1214 1750 1286 γλαυκῶπιν
1795 1209 2063 1287 Ἀθήνην

205 1295 512 1371 τέξεςθαι,
558 1293 698 1358 τότ’
741 1294 960 1358 ἔπειτα
1003 1295 1177 1378 δόλῳ
1223 1295 1469 1373 φρένας
1513 1293 1903 1370 ἐξαπατήςας

206 1377 534 1456 αιμυλίοιςι
575 1379 856 1454 λόγοιςιν
902 1379 1014 1456 ἑὴν
1060 1357 1390 1442 ἐςκάτθετο
1437 1378 1671 1457 νηδύν,
2024 1385 2131 1438 890

210 1461 394 1539 Γαίης
440 1463 911 1544 φραδμοςύνῃςι
953 1463 1055 1525 καὶ
1098 1462 1428 1541 Ὀυρανοῦ
1472 1461 1903 1540 ἀςτερόεντος.

333 1545 463 1608 τὼς
506 1545 626 1623 γάρ
673 1545 733 1608 οἱ
777 1545 1136 1623 φραςάτην,
1179 1544 1290 1608 ἱνα
1334 1547 1412 1623 μὴ
1460 1545 1779 1624 βαςιληίδα
1823 1546 2001 1622 τιμὴν

203 1627 406 1692 ἄλλος
450 1626 588 1705 ἔχοι
633 1629 794 1690 Διὸς
837 1627 977 1691 ἀντὶ
1019 1631 1188 1692 θεῶν
1233 1627 1703 1702 αἰειγενετάων·

207 1711 274 1776 ἐκ
315 1711 444 1788 γὰρ
485 1714 598 1788 τῆς
643 1709 900 1789 εἵμαρτο
950 1711 1315 1790 περίφρονα
1357 1710 1545 1776 τέκνα
1587 1711 1887 1786 γενὲςθαι.

331 1795 597 1872 πρώτην
639 1795 754 1872 μὲν
794 1795 1035 1874 κούρην
1077 1795 1489 1870 γλαυκώπιδα
1532 1794 1971 1873 Τριτογένειαν
2028 1802 2127 1854 895

206 1877 348 1944 ἶςον
393 1878 663 1955 ἔχουςαν
710 1879 897 1957 πατρὶ
938 1879 1131 1955 μένος
1175 1879 1275 1941 καὶ
1319 1878 1643 1958 ἐπίφρονα
1687 1879 1957 1957 βουλήν,

208 1962 408 2042 αὐτὰρ
453 1961 655 2026 ἔπειτ’
699 1961 824 2041 ἄρα
865 1965 1063 2025 παῖδα
1103 1965 1271 2027 θεῶν
1320 1965 1580 2041 βαςιλῆα
1621 1963 1724 2026 καὶ
1766 1961 2025 2041 ἀνδρῶν

208 2046 476 2124 ἤμελλεν
520 2047 796 2112 τέξεςθαι
837 2046 1142 2125 ὑπέρβιον
1185 2045 1343 2124 ἦτορ
1386 2046 1649 2124 ἔχοντα·

210 2130 359 2194 ἀλλ’
403 2128 527 2208 ἄρα
571 2150 671 2208 μιν
717 2130 880 2193 Ζεὺς
926 2130 1201 2207 πρόςθεν
1246 2128 1356 2207 ἑὴν
1402 2128 1732 2193 ἑςκάτθετο
1777 2126 2009 2205 νηδύν,

211 2214 299 2277 ὡς
343 2214 419 2289 δή
467 2212 528 2276 οἱ
571 2213 918 2292 φράςςαιτο
963 2213 1076 2275 θεὰ
1121 2212 1363 2287 ἀγαθόν
1408 2232 1476 2288 ’,τε
1519 2212 1715 2275 κακόν
1758 2230 1843 2274 τε.
2029 2218 2131 2271 900

335 2296 638 2375 δεύτερον
683 2296 956 2376 ἠγάγετο
1000 2296 1273 2373 λιπαρὴν
1318 2294 1540 2374 Θέμιν,
1591 2296 1629 2372 ἣ
1676 2295 1854 2360 τέκεν
1899 2292 2128 2374 Ὥρας,

211 2378 522 2459 Εὐνομίην
565 2400 632 2444 τε
681 2380 884 2457 Δίκην
929 2400 997 2444 τε
1041 2380 1140 2443 καὶ
1185 2378 1449 2458 Εἰρήνην
1492 2382 1859 2455 τεθαλυῖαν,

211 2463 278 2527 αί
317 2466 384 2527 τ’
427 2463 571 2541 ἔργ
616 2463 922 2542 ὢρεύουςι
963 2467 1398 2541 καταθνητοῖςι
1444 2467 1749 2542 βροτοιςι·

339 2547 585 2625 Μοίρας
629 2550 714 2623 θ’,
763 2549 839 2631 ᾗς
883 2547 1176 2625 πλείςτην
1221 2548 1400 2624 τιμὴν
1446 2547 1609 2624 πόρε
1652 2546 1903 2622 μητίετα
1945 2543 2129 2619 Ζεύς,

215 2631 450 2694 Κλωθώ
495 2650 563 2694 τε
594 2611 858 2709 Λάχεςίν
889 2650 957 2694 τε
1000 2631 1100 2693 καὶ
1143 2630 1497 2707 Ἄτροπον,
1544 2627 1706 2692 αἵτε
1737 2630 1975 2690 διδοῦςι
2028 2634 2131 2686 905

209 2717 465 2792 θνητοις
511 2713 936 2793 ἀνθρώποιςιν
981 2712 1150 2792 ἔχειν
1197 2712 1439 2787 ἀγαθόν
1484 2732 1553 2775 τε
1597 2709 1791 2776 κακόν
1836 2730 1920 2774 τε.

337 2801 509 2876 τρεις
552 2799 622 2863 δέ
667 2798 729 2861 οι
773 2797 1098 2876 Εὐρυνόμη
1148 2796 1415 2875 Χάριτας
1461 2796 1598 2859 τέκε
1643 2796 2130 2897 καλλιπαρῄους,

211 2882 523 2947 Ὠκεανοῦ
568 2880 766 2961 κούρη
811 2882 1221 2959 πολυήρατον
1267 2878 1440 2944 εἶδος
1484 2879 1747 2957 ἔχουςα,
1858 2896 1861 2899 ’

211 2965 510 3042 Ἀγλαΐην
553 2985 621 3028 τε
666 2966 766 3029 καὶ
809 2964 1223 3044 Εὐφροςύνην
1270 2964 1509 3042 Θαλίην
1554 2964 1619 3026 τ’
1664 2962 2019 3041 ἐρατεινήν·

209 3052 343 3113 τῶν
388 3049 490 3111 καὶ
533 3047 663 3111 ἀπὸ
709 3049 1054 3127 βλεφάρων
1099 3047 1247 3125 ἔρος
1292 3046 1497 3125 εἴβετο
1542 3045 1989 3123 δερκομενάων
2032 3053 2135 3103 910

210 3134 568 3211 λυςιμελής·
611 3131 811 3195 καλὸν
856 3132 929 3194 δέ
973 3132 1040 3193 θ’
1071 3130 1158 3193 ὑπ
1173 3129 1451 3208 ’ὀφρύςι
1496 3128 1923 3206 δερκιόωνται.

336 3216 540 3295 αὐτὰρ
583 3207 622 3279 ὃ
669 3214 1008 3293 Δήμητρος
1051 3212 1472 3291 πολυφόρβης
1515 3211 1580 3274 ἐς
1624 3211 1811 3288 λέχος
1853 3208 2065 3289 ἦλθεν,

209 3300 247 3377 ἣ
292 3301 433 3363 τέκε
477 3300 902 3377 Περςεφόνην
947 3297 1383 3372 λευκώλενον,
1425 3296 1505 3372 ἣν
1549 3293 1884 3358 Ἀιδωνεὺς
2010 3320 2016 3327 ·

208 3384 496 3463 ἥρπαςεν
543 3381 619 3459 ἧς
663 3383 840 3460 παρὰ
881 3379 1142 3460 μητρός·
1189 3380 1390 3443 ἔδωκε
1433 3380 1505 3442 δὲ
1546 3377 1799 3457 μητίετα
1842 3376 2023 3441 Ζεύς.

339 3466 769 3547 Μνημοςύνης
813 3466 880 3530 δ’
923 3466 1165 3531 ἐξαῦτις
1209 3463 1513 3544 ἐράςςατο
1556 3460 1989 3541 καλλικόμοιο,
2036 3466 2135 3517 015
