2507 3935
414 213 499 278 64
1193 211 1533 264 ΗΣῙοΔοΤ

501 381 573 447 ἐν
619 380 685 445 δ’
727 379 808 458 ἦν
853 377 1192 444 ἀθανάτων
1235 378 1410 457 ἱερὸς
1452 377 1681 457 χορός·
1742 378 1812 444 ἐν
1857 376 1928 442 δ’
1969 376 2095 456 ἄρα
2137 378 2323 463 μέςςῳ

415 465 667 544 ἱμερόεν
714 464 986 542 κιθάριζε
1028 465 1194 529 Διὸς
1237 464 1338 527 καὶ
1378 463 1623 539 Λητοῦς
1665 461 1803 527 υἱὸς
2372 496 2380 507 -

415 550 696 654 χρυσείῃ
738 546 1093 630 φόρμιγγι·
1141 549 1330 610 θεῶν
1374 541 1439 606 δ’
1487 543 1637 619 ἕδος
1680 542 1885 627 ἁγνὸς
1908 543 2273 628 ’Ὄλυμπος

419 631 498 696 ἐν
541 625 606 694 δ’
655 629 898 714 α’γορή,
945 629 1181 710 περὶὸ
1191 625 1439 711 ’ὄλβος
1478 625 1818 712 ἀπείριτος
1860 627 2280 710 ἐστεφάνωτο

419 716 760 782 ἀθανάτων
806 716 876 780 ἐν
923 715 1152 791 ἀγῶνι·
1201 718 1342 779 θεαὶ
1383 715 1450 778 δ’
1494 715 1763 793 ἐξῆρχον
1808 714 2027 792 ἀοιδῆς
2146 737 2151 743 ·
2236 725 2333 777 205

422 803 670 866 Μοῦςαι
713 801 1035 878 Πιερίδες,
1081 800 1222 874 λιγὺ
1268 800 1693 879 μελπομέναις
1736 798 1973 863 εἰκυῖαι.

504 886 575 950 ἐν
619 887 691 948 δὲ
735 886 919 964 λιμὴν
965 883 1238 963 εὔορμος
1284 883 1731 962 ἀμαιμακέτοιο
1774 882 2085 960 θαλάςςης

419 971 802 1046 κυκλοτερὴς
846 968 1136 1032 ἐτέτυκτο
1181 968 1523 1046 πανέφθου
1567 968 1987 1044 καςςιτέροιο,

419 1054 784 1137 κλυζομένῳ
827 1050 1066 1116 ικελος·
1109 1053 1345 1115 πολλοί
1386 1070 1459 1125 γε
1506 1051 1620 1129 μὲν
1666 1051 1750 1128 ἂμ
1794 1051 1984 1129 μέςον
2028 1049 2229 1115 αὐτοῦ

421 1140 724 1217 δελφῖνες
767 1142 841 1222 τῇ
886 1136 990 1199 καὶ
1031 1139 1107 1219 τῇ
1153 1135 1423 1201 ἐθύνεον
1468 1133 1867 1213 ἰχθυάοντες,
2242 1134 2375 1194 210'

420 1222 801 1301 νηχομένοις
843 1220 1074 1284 ικελοι·
1123 1220 1293 1284 δοιοὶ
1335 1218 1401 1282 δ’
1444 1218 1962 1299 ἀναφυςιόωντες

423 1306 725 1382 ἀργύρεοι
768 1307 1069 1382 δελφῖνες
1100 1303 1131 1351 †
1161 1302 1446 1382 ἐφοίτων
1492 1303 1772 1368 ἔλλοπας
1816 1301 2020 1380 ἰχθῦς·

420 1393 555 1454 τῶν
599 1388 728 1452 ὕπο
775 1389 1056 1466 χάλκειοι
1097 1388 1288 1464 τρέον
1334 1385 1557 1463 ἰχθύες.
1646 1386 1846 1464 αὐτὰρ
1891 1387 2001 1449 ἐπ’
2046 1387 2261 1452 ἀκταῖς

421 1473 575 1550 ἦςτο
621 1471 783 1550 ἀνὴρ
826 1471 1038 1534 ἁλιεὺς
1083 1471 1537 1548 δεδοκημένος·
1581 1467 1713 1548 εἶχε
1758 1473 1829 1534 δὲ
1872 1470 2084 1548 χερςὶν

423 1556 661 1636 ἰχθύςιν
705 1555 1198 1636 ἀμφίβληςτρον,
1244 1553 1676 1634 ἀπορρίψοντι
1720 1554 1962 1618 ἐοικώς.
2242 1565 2347 1616 215

509 1641 580 1704 ἐν
625 1640 691 1704 δ’
735 1639 813 1718 ἦν
858 1639 1142 1719 ἠυκόμου
1185 1640 1451 1718 Δανάης
1493 1639 1676 1703 τέκος
1717 1637 1957 1703 ἱππότα
1998 1639 2318 1718 Περςεύς,

427 1724 573 1788 οὔτ’
617 1723 732 1802 ἄρ’
777 1725 1120 1803 ἐπιψαύων
1165 1723 1387 1787 εάκεος
1432 1723 1637 1798 ποςίν,
1686 1722 1832 1786 οὔθ’
1876 1722 2021 1786 ἑκὰς
2065 1723 2297 1797 αὐτοῦ

425 1812 629 1884 θαῦμα
672 1808 832 1884 μέγα
875 1807 1244 1887 φράςςαςθ’,
1291 1805 1426 1870 ἐπεὶ
1471 1806 1716 1890 οὐδαμῇ
1764 1806 2104 1885 ἐςτήρικτο.

424 1892 551 1955 τὼς
595 1891 716 1967 γάρ
762 1911 864 1970 μιν
909 1889 1227 1969 παλάμαις
1271 1894 1447 1955 τεῦξε
1489 1891 1719 1954 κλυτὸς
1762 1890 2194 1971 Ἀμφιγυήεις,

425 1976 723 2055 χρύςεον
769 1974 930 2055 ἀμφι
974 1974 1046 2039 δὲ
1087 1976 1308 2040 ποςςιν
1353 1974 1460 2054 ἔχε
1503 1975 1856 2053 πτερόεντα
1898 1977 2155 2040 πέδιλα·
2247 1989 2351 2039 220

428 2060 687 2138 ὤμοιςιν
733 2060 805 2124 δέ
848 2059 996 2137 Ἰ“μιν
1042 2058 1205 2139 ἀμφὶ
1248 2059 1637 2139 μελάνδετον
1681 2058 1803 2135 ἆορ
1848 2058 2052 2124 ἔκειτο

427 2145 703 2223 χάλκεον
750 2144 819 2208 ἑκ
861 2147 1255 2225 τελαμῶνος·
1304 2144 1341 2207 ὃ
1388 2144 1452 2207 δ’
1496 2144 1653 2207 ὥςτε
1696 2142 1890 2222 νόημ’
1933 2142 2277 2210 ἐποτᾶτο·-

427 2231 558 2292 πᾶν
604 2230 676 2291 δὲ
718 2228 1122 2307 μετάφρενον
1167 2226 1302 2307 εἶχε
1345 2227 1501 2305 κάρη
1545 2228 2135 2305 δεινοῖο·πελώρου

431 2313 739 2387 Γοργοῦς·
787 2312 949 2390 ἀμφὶ
992 2313 1063 2375 δέ
1107 2331 1208 2387 μιν
1256 2312 1466 2391 κίβιςις
1510 2311 1646 2389 θέε,
1692 2314 1897 2389 θαῦμα
1940 2310 2209 2391 ἰδέςθαι,

430 2394 739 2473 ἀργυρέη,
785 2394 1044 2457 θύςανοι
1089 2395 1160 2457 δὲ
1202 2399 1649 2476 κατῃωρεῦντο
1695 2394 1980 2474 φαεινοί,
2252 2408 2353 2457 225

429 2478 736 2558 χρύςειοι·
781 2480 956 2555 δεινὴ
1001 2479 1072 2542 δὲ
1113 2478 1258 2555 περὶ
1301 2477 1711 2557 κροτάφοιςιν
1758 2478 2031 2544 ἄνακτος

430 2563 593 2627 κεῖτ’
636 2563 851 2628 Ἄιδος
894 2560 1119 2640 κυνέη,
1165 2564 1391 2626 νυκτὸς
1435 2562 1646 2641 ζόφον
1690 2562 1874 2628 αἰνὸν
1920 2562 2185 2641 ἔχουςα·

431 2648 624 2711 αὐτὸς
667 2649 738 2710 δὲ
783 2646 1118 2711 ςπεύδοντι
1161 2648 1266 2710 καὶ
1307 2645 1621 2724 ἐρρίγοντι
1667 2647 1891 2711 ἐοικὼς

430 2731 714 2809 Περςεὺς
754 2732 1086 2808 Δαναΐδης
1131 2730 1492 2794 ἐτιταίνετο.
1579 2731 1682 2795 ταὶ
1725 2732 1796 2796 δὲ
1839 2731 1978 2809 μετ’
2022 2731 2225 2799 αὐτὸν

435 2815 746 2892 Γοργόνες
789 2812 1060 2891 ἄπλητοί
1102 2832 1170 2877 τε
1216 2815 1315 2878 καὶ
1360 2813 1439 2879 οὐ
1485 2816 1680 2893 φαταὶ
1726 2815 2084 2894 ἐρρώοντο,
2254 2827 2363 2879 230

433 2898 673 2975 ἱέμεναι
718 2898 1009 2976 μαπέειν·
1053 2896 1155 2960 ἐπὶ
1200 2899 1271 2960 δὲ
1316 2900 1573 2976 χλωροῦ
1618 2897 1981 2977 ἀδάμαντος

437 2981 824 3063 βαινουςέων
869 2978 1109 3058 ἰάχεςκε
1154 2979 1344 3045 ςάκος
1389 2980 1643 3063 μεγάλῳ
1689 2982 2031 3067 ὀρυμαγδῷ

436 3065 586 3131 ὀξέα
628 3066 730 3129 καὶ
774 3065 1027 3141 λιγέως·
1072 3064 1174 3129 ἐπι
1217 3067 1289 3129 δὲ
1331 3066 1561 3149 ζώνῃςι
1604 3065 1949 3145 δράκοντες

437 3152 594 3216 δοιὼ
640 3148 1071 3255 ἀπῃωρεῦντ’,
1116 3130 1585 3227 ἐπικυρτωοντε
1627 3150 1896 3228 κάρηνα

436 3234 739 3311 λίχμαζον
770 3233 836 3298 δ’
866 3231 990 3310 ἄρα
1018 3234 1109 3296 τώ
1140 3254 1244 3309 γε,
1273 3233 1446 3311 μένει
1476 3235 1543 3297 δ’
1572 3233 1919 3311 ἑχάραςςον
1950 3233 2224 3301 ὀδόντας
2257 3245 2366 3297 235

437 3318 624 3394 ἄγρια
668 3318 1065 3395 δερκομένω·
1113 3317 1214 3380 ἐπι
1259 3318 1331 3382 δὲ
1375 3320 1634 3382 δεινοῖςι
1676 3318 1977 3395 καρήνοις

439 3402 758 3476 Γοργείοις
786 3401 1072 3465 ἐδονεῖτο
1104 3401 1297 3478 μέγας
1327 3402 1769 3481 φόβος.οῖ
1811 3402 1878 3466 δ’
1909 3401 2070 3480 ὑπὲρ
2099 3403 2369 3468 αὐτέων

439 3480 668 3557 ἄνδρες
711 3484 1104 3562 ἐμαρνάςθην
1148 3487 1463 3567 πολεμήια
1504 3484 1688 3563 τεύχε
1698 3483 2005 3564 ἔχοντες
2018 3532 2037 3566 ,
