2507 3935
238 213 320 276 14
1029 214 1369 266 ΗΣῙοΔοΤ

235 381 308 446 ἔν
351 402 388 444 τ
399 381 654 464 ’ἀγορῇ
698 331 903 444 λαοῖςι
947 380 1360 458 μεταπρέπει,
1406 377 1485 444 ὅν
1526 400 1563 442 κ
1573 378 1917 461 ’ἑθέλῃςιν.
2058 383 2163 440 430

359 465 398 541 ἣ
446 467 530 537 δ’,
579 445 774 529 ὁπότ’
804 464 869 528 ἐς
914 464 1201 542 πόλεμον
1248 463 1602 542 φθιςήνορα
1643 463 2074 541 θωρήςςονται

233 547 495 626 ἀνέρες,
541 549 696 613 ἔνθα
739 549 853 612 θεὰ
882 548 1367 625 παραγίγνεται,
1415 546 1511 610 οἶς
1552 547 1619 609 κ’
1660 545 1907 628 ἑθέλῃςι

236 633 416 710 νίκην
463 633 898 711 προφρονέως
943 630 1176 696 ὀπάςαι
1217 632 1321 694 καὶ
1362 634 1554 694 κῦδος
1598 629 1843 708 ὀρέξαι·

237 715 310 780 ἕν
351 735 423 780 τε
467 716 603 799 δίκῃ
651 717 960 794 βαςιλεῦςι
1003 717 1163 793 παρ’
1205 715 1493 778 αἰδοίοιςι
1535 713 1781 778 καθίζει.

367 799 550 876 ἑςθλὴ
580 778 650 862 ’δ’
679 798 850 874 αὖθ’,
882 798 1077 863 ὁπότ’
1107 797 1337 877 ἄνδρες
1367 797 1569 874 ἀγῶνι
1601 795 2012 861 ἀεθλεύωςιν·
2054 801 2159 855 435

237 881 388 947 ἔνθα
433 882 547 947 θεὰ
590 883 693 946 καὶ
733 885 869 946 τοις
911 882 1365 960 παραγίγνεται
1407 881 1517 959 ἠδ’
1560 879 1827 957 ὀνίνηςι·

236 966 490 1044 νικήςας
535 967 607 1029 δὲ
653 965 750 1067 βίῃ
795 966 896 1028 καὶ
937 965 1152 1043 κάρτεϊ
1193 967 1393 1029 καλὸν
1438 963 1675 1028 ἄεθλον

233 1049 372 1128 ῥεια
416 1050 604 1128 φέρει
645 1049 888 1127 χαίρων
931 1069 1034 1128 τε,
1077 1053 1325 1113 τοκεῦςι
1367 1050 1437 1113 δὲ
1479 1051 1673 1112 κῦδος
1717 1046 1957 1112 ὀπάζει.

359 1133 544 1210 ἐςθλὴ
591 1133 659 1196 δ’
699 1133 987 1210 ἱππήεςςι
1031 1132 1460 1212 παρεςτάμεν,
1506 1131 1601 1195 οἶς
1646 1132 1712 1194 κ’
1755 1131 2030 1214 ἑθέλῃςι,

229 1218 334 1280 καὶ
375 1216 652 1294 τοῖς,οἳ
692 1217 973 1294 γλαυκὴν
1017 1218 1471 1296 δυςπέμφελον
1514 1215 1917 1293 ἐργάζονται,
2055 1219 2161 1271 440

233 1299 529 1379 εὔχονται
574 1301 641 1364 δ’
683 1299 901 1382 Ἑκάτῃ
945 1301 1048 1362 καὶ
1091 1301 1405 1380 ἐρικτύπῳ
1450 1297 1872 1379 Ἐννοςιγαίῳ.

232 1382 488 1460 ῥηιδίως
532 1382 598 1446 δ’
639 1381 842 1460 ἄγρην
885 1383 1081 1461 κυδρὴ
1127 1383 1275 1446 θεὸς
1320 1381 1535 1445 ὤπαςε
1578 1381 1849 1457 πολλήν,

233 1465 372 1543 ῥεῖα
414 1466 480 1529 δ’
503 1463 806 1544 ἀφείλετο
852 1465 1280 1545 φαινομένην,
1324 1465 1632 1528 ἐθέλουςά
1672 1483 1745 1538 γε
1788 1468 1983 1546 θυμῷ.

357 1550 542 1627 ἐςθλὴ
587 1551 653 1613 δ’
697 1549 769 1613 ἐν
814 1551 1132 1627 ςταθμοιςι
1174 1550 1289 1614 ςὺν
1332 1549 1517 1632 Ἑρμῇ
1561 1547 1733 1625 ληίδ’
1776 1547 2015 1621 ἀέξειν,

231 1634 574 1710 βουκολίας
615 1633 683 1696 τ’
725 1633 958 1708 ἀγέλας
1001 1652 1072 1697 τε
1113 1634 1214 1697 καὶ
1258 1633 1515 1696 αἰπόλια
1555 1630 1787 1695 πλατέ’
1815 1629 2015 1703 αἰγῶν
2053 1633 2159 1686 445

131 1763 136 1769 .
229 1717 505 1794 ποίμνας
548 1716 615 1778 τ’
657 1715 1019 1794 εἰροπόκων
1051 1715 1231 1792 ὀίων,
1277 1721 1453 1799 θυμῷ
1496 1716 1569 1790 γ’
1611 1715 1935 1788 ἐθέλουςα,

229 1799 296 1865 ἐξ
341 1799 581 1875 ὀλίγων
628 1798 904 1878 βριάειί
946 1799 1047 1862 καὶ
1090 1800 1160 1863 ἐκ
1201 1764 1468 1863 πολλῶν
1514 1798 1739 1876 μείονα
1779 1800 1985 1873 θῆκεν.

359 1881 534 1946 οὕτω
579 1901 681 1947 τοι
722 1883 825 1945 καὶ
867 1885 1263 1961 μουνογενὴς
1308 1883 1378 1946 ἐκ
1419 1882 1656 1960 μητρὸς
1700 1881 1893 1944 ἐοῦςα

229 1970 378 2030 πᾶςι
423 1966 568 2044 μετ’
611 1965 976 2031 ἀθανάτοιςι
1017 1966 1329 2045 τετίμηται
1374 1967 1673 2045 γεράεςςι.

229 2054 378 2127 θῆκε
408 2050 482 2114 δέ
511 2070 612 2128 μιν
648 2050 954 2128 Κρονίδης
982 2051 1470 2130 κουροτρόφον,
1502 2051 1568 2113 οἳ
1596 2050 1738 2129 μετ’
1766 2047 2010 2126 ἐκείνην
2054 2055 2157 2107 450

230 2132 651 2214 ὀφθαλμοῖςιν
692 2133 916 2199 ἴδοντο
964 2134 1135 2213 φάος
1179 2135 1610 2213 πολυδερκέος
1653 2134 1861 2197 Ἠοῦς.

232 2218 441 2281 οὕτως
486 2218 553 2284 ἐξ
595 2216 796 2295 ἀρχῆς
837 2218 1319 2298 κουροτρόφος,
1364 2218 1431 2281 αἳ
1462 2218 1532 2282 δέ
1559 2238 1629 2281 τε
1671 2216 1851 2294 τιμαί.

355 2367 516 2445 Ῥείη
565 2366 636 2430 δ’
663 2366 699 2416 ÷
723 2364 1152 2444 ὑποδμηθεῖςα
1183 2368 1407 2449 Κρόνῳ
1449 2368 1589 2432 τέκε
1633 2367 1899 2447 φαίδιμα
1940 2365 2153 2442 τέκνα,

227 2450 438 2529 Ἱςτίην
483 2450 792 2527 Δήμητρα
834 2450 936 2513 καὶ
978 2452 1182 2529 Ἥρην
1227 2452 1692 2531 χρυςοπέδιλον

226 2534 488 2615 ἴφθιμόν
531 2535 597 2598 τ’
639 2534 882 2612 Ἀίδην,
929 2535 1004 2598 ὃς
1047 2535 1176 2599 ὑπὸ
1219 2536 1405 2613 χθονὶ
1447 2536 1707 2612 δώματα
1748 2532 1913 2598 ναίει
2050 2538 2153 2591 455

228 2619 449 2695 νηλεὲς
492 2616 650 2697 ἦτορ
696 2618 900 2697 ἔχων,
943 2620 1046 2683 καὶ
1089 2620 1428 2698 ἐρίκτυπον
1469 2616 1919 2692 Ἐννοςίγαιον,

228 2701 408 2779 Ζῆνά
450 2721 518 2764 τε
563 2702 929 2779 μητιόεντα,
975 2707 1143 2767 θεῶν
1187 2704 1416 2782 πατέρ’
1446 2702 1559 2780 ἠδὲ
1601 2702 1703 2765 καὶ
1744 2700 2037 2777 ἀνδρῶν,

227 2788 343 2848 τοῦ
388 2786 489 2848 καὶ
531 2784 662 2849 ὑπὸ
707 2788 977 2864 βροντῆς
1020 2787 1408 2863 πελεμίζεται
1452 2786 1667 2863 εὐρεῖα
1708 2784 1901 2863 χθών.

353 2869 454 2931 καὶ
482 2869 634 2932 τοὺς
665 2871 779 2946 μὲν
808 2870 1103 2934 κατέπινε
1133 2870 1327 2947 μέγας
1360 2868 1621 2947 Κρόνος,
1654 2867 1727 2931 ὅς
1754 2887 1847 2931 τις
1892 2866 2153 2931 ἕκαςτος

227 2952 464 3029 νηδύος
509 2952 575 3018 ἐξ
617 2952 788 3030 ἱερῆς
833 2953 1066 3031 μητρὸς
1110 2954 1277 3031 πρὸς
1318 2953 1591 3027 γούναθ’
1628 2950 1856 3027 ἵκοιτο,
2046 2957 2153 3008 460

227 3037 305 3098 τὰ
349 3035 688 3115 φρονέων,
727 3034 839 3100 ἵνα
881 3036 961 3114 μή
1006 3056 1098 3100 τις
1142 3036 1405 3112 ἀγαυῶν
1445 3035 1883 3114 Οὐρανιώνων

227 3116 425 3182 ἄλλος
469 3119 540 3183 ἐν
586 3118 988 3184 ἀθανάτοιςιν
1032 3119 1170 3199 ἔχοι
1215 3120 1535 3199 βαςιληίδα
1576 3120 1773 3197 τιμήν.

352 3201 624 3266 πεύθετο
666 3203 790 3281 γὰρ
838 3202 1016 3280 Γαίης
1058 3223 1127 3267 τε
1169 3224 1273 3267 και
1316 3204 1617 3281 Οὐρανοῦ
1662 3200 2108 3279 ἀςτερόεντος,

227 3281 463 3346 οὕνεκά
507 3284 568 3346 οι
611 3286 916 3364 πέπρωτο
954 3286 1042 3369 ἑῷ
1087 3286 1216 3355 ὑπὸ
1260 3288 1435 3350 παιδὶ
1477 3290 1785 3364 δαμῆναι,

225 3365 326 3425 καὶ
355 3372 639 3449 κρατερῷ
669 3388 791 3445 περ
822 3349 1027 3448 ἐόντι,
1071 3369 1233 3435 Διὸς
1275 3370 1552 3449 μεγάλου
1598 3370 1701 3433 διὰ
1745 3366 1997 3447 βουλάς.
2043 3375 2147 3427 465

354 3510 406 3545 ν.
429 3498 545 3546 465
583 3498 796 3563 πατρὸς
832 3501 1074 3564 μεγάλου

2394 3123 2413 3660 5
