2507 3935
361 150 448 218 28
1153 154 1489 206 ΗΣῙοΔοΤ

365 321 431 386 ἐξ
475 319 550 398 ἧς
595 319 657 384 οἱ
701 320 948 385 Μοῦςαι
990 319 1425 399 χρυςάμπυκες
1462 320 1840 396 ἐξεγένοντο

364 404 588 480 ἐννέα,
631 409 805 487 τῇςιν
849 404 1009 468 ἅδον
1053 404 1259 468 θαλίαι
1301 406 1401 468 καὶ
1442 405 1661 483 τέρψις
1705 405 1941 483 ἀοιδῆς.

492 486 674 565 Λητὼ
720 488 787 550 δ’
829 488 1210 553 Ἀπόλλωνα
1252 489 1353 552 καὶ
1394 490 1681 567 Ἄρτεμιν
1725 488 2085 568 ἰοχέαιραν,

362 570 697 649 ἱμερόεντα
737 570 940 647 γόνον
984 572 1128 650 περὶ
1171 572 1438 638 πάντων
1480 572 1952 651 Οὐρανιώνων,

361 655 606 730 γείνατ’
651 655 762 732 ἄρ’
803 653 1115 734 αἰγιόχοιο
1159 656 1324 720 Διὸς
1368 655 1657 736 φιλότητι
1697 659 1951 734 μιγεῖςα.
2176 662 2283 715 920

492 738 900 817 λοιςθοτάτην
943 741 1010 802 δ’
1053 739 1261 818 Ἥρην
1301 742 1579 820 θαλερὴν
1623 740 1921 817 ποιήςατ’
1960 739 2227 804 ἄκοιτιν·

363 821 404 898 ἣ
449 823 517 885 δ’
563 823 767 900 Ἥβην
811 823 912 886 καὶ
953 823 1151 901 Ἄρηα
1194 825 1294 887 καὶ
1339 823 1680 888 Εἰλείθυιαν
1724 823 1919 888 ἔτικτε

364 907 627 984 μιχθεῖς’
665 905 736 970 έν
777 905 1071 1012 φιλότητι
1114 911 1285 971 θεῶν
1330 909 1568 986 βαςιλῆι
1612 908 1711 970 καὶ
1754 907 2028 986 ἀνδρῶν.

488 988 684 1053 αὐτὸς
727 992 763 1051 δ
823 989 893 1052 ἐκ
935 992 1218 1069 κεφαλῆς
1262 992 1673 1065 γλαυκώπιδα
1714 991 1960 1064 γείνατ’
1988 989 2252 1068 ’Λθήνην

365 1073 614 1150 δεινήν,
659 1072 1141 1151 ἐγρεκύδοιμον,
1187 1073 1606 1153 ἀγέςτρατον,
1651 1073 2039 1153 ἀτρυτώνην,
2176 1081 2283 1134 925

363 1157 667 1232 πότνιαν,
709 1157 748 1238 ᾖ
793 1157 1049 1223 κέλαδοί
1090 1178 1158 1221 τε
1195 1157 1358 1223 ἅδον
1402 1158 1670 1236 πόλεμοί
1712 1179 1780 1221 τε
1821 1158 2012 1236 μάχαι
2052 1177 2140 1220 τε.

490 1240 654 1318 ’Ἠρη
699 1241 772 1302 δ’
813 1240 1168 1319 Ἥφαιςτον
1211 1243 1443 1306 κλυτὸν
1488 1241 1567 1304 οὐ
1610 1241 1897 1319 φιλότητι
1939 1243 2178 1317 μιγεῖςα

362 1323 650 1398 γείνατο,
693 1323 794 1386 καὶ
837 1324 1135 1402 ζαμένηςε
1178 1325 1281 1386 καὶ
1318 1323 1529 1400 ἤριςεν
1574 1324 1627 1406 ᾧ
1672 1322 2053 1404 παρακοίτῃ,

364 1407 434 1471 ἑκ
476 1407 742 1472 πάντων
782 1406 1028 1490 τέχνῃςι
1069 1408 1453 1483 κεκαςμένον
1497 1405 1949 1484 Οὐρανιώνων.

491 1558 561 1621 ἐκ
604 1557 671 1621 δ’
714 1557 1109 1636 Ἀμφιτρίτης
1149 1557 1252 1622 καὶ
1295 1556 1631 1636 ἐρικτύπου
1674 1554 2105 1631 Ἐννοςιγαίου
2178 1563 2287 1618 930

364 1641 610 1720 Τρίτων
654 1639 943 1720 εὐρυβίης
983 1643 1206 1717 γένετο
1249 1642 1476 1719 μέγας,
1520 1639 1596 1704 ὅς
1623 1660 1692 1704 τε
1734 1639 2040 1717 θαλάςςης

361 1724 636 1801 πυθμέν’
681 1723 852 1802 ἔχων
896 1725 1072 1803 παρὰ
1115 1725 1293 1803 μητρὶ
1338 1725 1493 1809 φίλῃ
1537 1725 1637 1787 καὶ
1678 1724 1867 1801 πατρὶ
1909 1721 2129 1786 ἄνακτι

361 1805 524 1871 ναίει
565 1805 798 1884 χρυςέα
840 1810 968 1883 δῶ,
1013 1808 1224 1871 δεινὸς
1266 1807 1430 1871 θεός.
1476 1807 1677 1886 αὐτὰρ
1718 1806 1900 1884 ’Ἀρηι

364 1888 682 1973 ῥινοτόρῳ
729 1887 1027 1969 Κυθέρεια
1071 1891 1290 1971 Φόβον
1334 1892 1436 1956 καὶ
1478 1892 1723 1970 Δεῖμον
1768 1891 1961 1954 ἔτικτε

361 1973 645 2048 δεινούς,
677 1971 743 2037 οἵ
769 1974 833 2037 τ’
863 1974 1122 2055 ἀνδρῶν
1152 1976 1419 2040 πυκινὰς
1448 1976 1779 2043 κλονέουςι
1807 1974 2140 2053 φάλαγγας
2176 1981 2281 2035 935

363 2058 436 2124 ἐν
479 2058 742 2141 πολέμῳ
784 2058 1076 2138 κρυόεντι
1119 2061 1231 2123 ςὺν
1274 2060 1453 2138 ’Άρηι
1495 2059 1939 2141 πτολιπόρθῳ,

359 2141 696 2222 Ἁρμονίην
740 2142 837 2219 θ’,
881 2143 961 2221 ἢν
1011 2143 1258 2221 Κάδμος
1300 2143 1661 2224 ὑπέρθυμος
1704 2143 1838 2207 θέτ’
1880 2140 2138 2205 ἄκοιτιν.

488 2288 646 2367 Ζηνὶ
689 2290 760 2352 δ’
803 2290 919 2368 ἄρ’
961 2292 1281 2356 Ἀτλαντὶς
1327 2292 1498 2369 Μαίη
1540 2293 1679 2355 τέκε
1722 2292 1984 2369 κύδιμον
2014 2292 2240 2370 Ἑρμῆν

363 2374 588 2454 κήρυκ’
620 2372 992 2451 ἀθανάτων,
1034 2373 1210 2453 ἱερὸν
1257 2375 1447 2453 λέχος
1490 2374 1879 2453 εἰςαναβᾶςα.

494 2456 757 2565 Καδδμείη
802 2461 838 2520 δ
857 2458 873 2480 ’
903 2456 1027 2559 qipa
1072 2457 1133 2521 οἱ
1176 2457 1408 2561 Εεμέλη
1452 2458 1588 2522 τέκε
1634 2459 1934 2537 φαίδιμον
1981 2458 2122 2523 υἱὸν
2179 2468 2287 2520 940

363 2540 1638 2705 ΞιθξξνεάῗτοένθέὴιὲιξτηντύνΔέ9,·άῖἷέτᾷἓῖ
1643 2543 2015 2691 υέἓξίέῖῑίςιν.

489 2708 796 2785 Ἀλκμήνη
840 2710 907 2771 δ’
937 2708 1048 2787 ἄρ’
1079 2710 1276 2773 ἔτικτε
1320 2709 1459 2789 βίην
1500 2710 1912 2788 Ἡρακληείην

363 2792 624 2873 μιχθεῖς’
668 2791 740 2855 ἐν
786 2790 1073 2869 φιλότητι
1116 2792 1279 2856 Διὸς
1323 2794 1849 2871 νεφεληγερέταο.

488 2874 783 2951 Ἀγλαΐην
827 2875 894 2937 δ’
937 2875 1288 2955 Ἣφαιςτος
1331 2875 1682 2952 ἀγακλυτὸς
1724 2875 2098 2955 ἀμφιγυήεις
2178 2884 2286 2938 945

362 2957 727 3037 ὁπλοτάτην
775 2957 1062 3037 Χαρίτων
1104 2960 1377 3037 θαλερὴν
1422 2959 1718 3038 ποιήςατ’
1748 2958 2006 3023 ἄκοιτιν.

489 3041 880 3123 χρυςοκόμης
919 3044 989 3107 δὲ
1020 3043 1356 3108 Διώνυςος
1398 3045 1632 3121 ξανθὴν
1675 3044 2029 3122 Ἀριάδνην,

362 3126 599 3204 κούρην
646 3124 941 3203 Μίνωος,
987 3129 1261 3206 θαλερὴν
1305 3128 1601 3205 ποιήςατ’
1644 3126 1911 3190 ἄκοιτιν·

362 3210 476 3284 τὴν
520 3209 591 3272 δέ
621 3208 684 3272 οἱ
726 3207 1047 3274 ἀθάνατον
1090 3211 1193 3274 καὶ
1235 3210 1455 3289 ἀγήρω
1501 3213 1649 3287 θῆκε
1697 3210 1999 3288 Κρονίων.

489 3292 691 3370 Ἥβην
722 3293 791 3354 δ’
819 3294 1161 3373 Ἀλκμήνης
1203 3294 1634 3374 καλλιςφύρου
1678 3292 1936 3374 ἄλκιμος
1978 3292 2137 3371 υἱός,
2180 3304 2288 3357 950

495 3438 549 3476 v.
585 3428 702 3480 924.
737 3427 1102 3489 γλαυκώπιδα
1136 3426 1533 3495 Τριτογένειαν
