2507 3935
300 255 342 320 6
1107 255 1447 307 ΗΣΙοΔοΤ

303 424 473 502 τρεῖς
514 425 738 487 παῖδες
780 421 1045 500 μεγάλοι
1085 422 1186 487 καὶ
1229 421 1551 502 ὄμβριμοι,
1596 421 1714 488 οὐκ
1758 423 2134 504 ὀνομαςτοί,

309 507 542 571 Κόττος
585 527 654 570 τε
701 505 1022 584 Βριάρεώς
1063 526 1132 570 τε
1178 507 1379 584 Γύγης
1421 509 1511 583 θ’,
1554 507 1943 587 ὑπερήφανα
1982 509 2205 574 τέκνα·

304 593 437 654 τῶν
485 590 713 655 ἑκατὸν
759 591 873 667 μὲν
917 593 1126 668 χεῖρες
1171 588 1292 653 ἀπ’
1335 589 1530 668 ὤμων
1575 590 1864 657 ἀίςςοντο
2134 601 2235 653 150

205 719 210 724 -
308 672 650 751 ἀπλαςτοι,
700 674 974 752 κεφαλαὶ
1017 674 1088 736 δὲ
1131 672 1371 756 έκάςτῳ
1414 675 1812 751 πεντήκοντα

305 758 374 823 ἐξ
416 756 618 834 ὤμων
661 757 994 835 ἐπέφυκον
1041 756 1145 819 ἐπὶ
1187 736 1526 836 ςτιβάροῑςι
1567 758 1875 836 με’λεςςιν·

307 840 478 919 ἰςχὺς
522 842 591 904 δ’
633 837 920 903 ἄπλατος
961 841 1265 918 κρατερή,
1311 841 1567 924 μεγάλῳ
1612 843 1715 906 ἐπὶ
1758 841 1927 907 εἴδει.

433 923 605 988 ὅςςοι
653 925 778 1001 γὰρ
824 923 1004 1002 Γαίης
1045 944 1114 988 τε
1157 925 1260 988 καὶ
1304 905 1602 1032 Οὐρανοῦ
1648 926 2057 1003 ἐξεγένοντο,

307 1007 663 1073 δεινότατοι
705 1007 976 1084 παίδων,
1025 1009 1315 1090 ςφετέρῳ
1360 1008 1427 1072 δ’
1463 1009 1742 1088 ἤχθοντο
1786 1015 1963 1089 τοκῆι
2136 1019 2235 1072 155

313 1090 380 1156 ἐξ
424 1089 650 1170 ἀρχῆς·
693 1092 794 1155 καὶ
835 1095 970 1157 τῶν
1014 1094 1128 1169 μὲν
1175 1091 1358 1156 ὅπως
1402 1113 1492 1156 τις
1533 1097 1762 1172 πρῶτα
1804 1094 2093 1173 γένοιτο,

305 1174 553 1240 πάντας
596 1174 1115 1258 ἀποκρύπταςκε,
1159 1196 1262 1239 και
1302 1178 1370 1240 ἐς
1415 1177 1588 1256 φάος
1632 1176 1752 1242 οὐκ
1794 1177 2066 1256 ἀνίηςκε,

308 1257 490 1336 Γαίης
535 1259 606 1324 ἐν
652 1263 985 1336 κευθμῶνι,
1030 1265 1204 1343 κακῷ
1248 1262 1318 1324 δ’
1362 1261 1747 1338 ἐπετέρπετο
1796 1261 1964 1343 ἔργῳ

306 1341 623 1418 Οὐρανός.
670 1343 710 1418 ἣ
756 1343 821 1405 δ’
865 1343 1055 1407 ἐντὸς
1099 1323 1503 1421 ςτοναχίζετο
1550 1345 1591 1406 Γ
1592 1363 1702 1406 αια
1742 1345 2026 1421 πελώρη,

305 1426 696 1503 ςτεινομένη·
741 1424 964 1504 δολίην
1006 1427 1079 1489 δὲ
1119 1428 1318 1504 κακὴν
1362 1427 1805 1505 ἐπεφράςςατο
1835 1427 2081 1505 τέχνην.
2134 1435 2233 1487 160

432 1507 598 1587 αἶψα
641 1510 712 1572 δὲ
755 1510 1065 1587 ποιήςαςα
1106 1510 1299 1586 γένος
1342 1513 1577 1574 πολιοῦ
1622 1509 1985 1588 ἀδάμαντος

303 1595 485 1658 τεῦξε
528 1593 688 1670 μέγα
731 1594 1059 1671 δρέπανον
1102 1595 1204 1658 καὶ
1247 1593 1576 1674 ἐπέφραδε
1618 1595 1791 1657 παιςὶ
1833 1594 2137 1674 φίλοιςιν·

307 1673 449 1740 εἶπε
493 1678 566 1740 δὲ
608 1676 1007 1754 θαρςύνουςα
1052 1678 1250 1758 φίλον
1295 1679 1621 1757 τετιημένη
1666 1677 1859 1758 ἦτορ·

436 1764 688 1825 «παῖδες
732 1761 870 1838 ἐμοὶ
912 1763 1014 1824 καὶ
1058 1761 1303 1839 πατρὸς
1346 1762 1727 1840 ἀταςθάλου,
1773 1761 1841 1824 αἴ
1878 1763 1948 1824 κ’
1978 1761 2235 1840 ἐθέλητε

303 1843 642 1920 πείθεςθαι,
686 1846 967 1921 πατέρος
1009 1865 1079 1909 κε
1120 1847 1319 1923 κακὴν
1362 1844 1681 1923 τιςαίμεθα
1721 1846 1937 1923 λώβην
2135 1854 2233 1904 165

305 1926 646 2007 ὑμετέρου·
688 1927 1009 2007 πρότερος
1051 1929 1174 2008 γὰρ
1220 1928 1434 1994 ἀεικέα
1476 1931 1714 2008 μήςατο
1760 1929 1963 2007 ἔργα.»

431 2011 521 2076 ὧς
535 2012 706 2093 φάτο
716 2033 729 2046 ·
759 2014 912 2077 τοὺς
925 2014 982 2075 δ’
997 2012 1123 2092 ἄρα
1135 2014 1382 2077 πάντας
1396 2014 1541 2078 ἕλεν
1554 2014 1726 2088 δέος,
1740 2013 1893 2077 οὐδέ
1910 2034 2003 2077 τις
2017 2012 2232 2078 αὐτῶν

304 2097 658 2175 φθέγξατο·
699 2097 1006 2175 θαρςήςας
1049 2098 1121 2161 δὲ
1165 2098 1360 2175 μέγας
1407 2097 1654 2175 Κρόνος
1696 2096 2133 2176 ἀγκυλομήτης

304 2178 399 2259 ἂψ
445 2179 618 2244 αὖτις
663 2180 906 2259 μύθοιςι
946 2182 1280 2259 προςηύδα
1317 2182 1555 2260 μητέρα
1596 2182 1857 2258 κεδνήν·

437 2268 682 2342 «μῆτερ,
714 2265 843 2339 ἐγώ
874 2285 983 2330 κεν
1013 2265 1206 2329 τοῦτό
1235 2266 1308 2340 γ’
1330 2264 1771 2344 ὑποςχόμενος
1798 2264 2102 2341 τελέςαιμι
2132 2273 2234 2328 170

308 2346 527 2425 ἔργον,
571 2348 709 2411 ἐπεὶ
751 2349 1031 2426 πατέρος
1073 2368 1147 2424 γε
1190 2350 1569 2426 δυςωνύμου
1616 2348 1732 2412 οὐκ
1774 2348 2039 2422 ἀλεγίζω

304 2429 645 2509 ἡμετέρου·
690 2431 1006 2509 πρότερος
1047 2434 1172 2511 γὰρ
1218 2432 1430 2497 ἀεικέα
1470 2432 1705 2510 μήςατο
1750 2430 1964 2508 ἔργα.»

434 2513 525 2577 ὧς
568 2514 774 2595 φάτο·
815 2516 1085 2593 γήθηςεν
1131 2517 1202 2579 δὲ
1244 2516 1405 2594 μέγα
1446 2516 1632 2595 φρεςι
1674 2515 1715 2576 Γ
1716 2534 1825 2577 αια
1866 2512 2147 2591 πελώρη,

306 2596 432 2662 εἶςε
475 2598 549 2663 δέ
590 2618 694 2677 μιν
737 2598 1033 2678 κρύψαςα
1076 2600 1277 2681 λόχῳ,
1322 2600 1577 2677 ἐνέθηκε
1620 2599 1691 2661 δέ
1735 2598 1895 2677 χειρὶ

307 2680 521 2759 ἅρπην
565 2683 1074 2762 καρχαρόδοντα,
1118 2684 1319 2747 δόλον
1362 2683 1429 2745 δ’
1458 2682 1815 2760 ὑπεθήκατο
1858 2680 2087 2745 πάντα.
2134 2690 2232 2740 175

431 2763 585 2841 ἦλθε
614 2767 686 2831 δε
715 2767 899 2832 νύκτ’
932 2766 1194 2841 ἐπάγων
1225 2767 1419 2844 μέγας
1444 2766 1760 2843 Οὐρανός,
1792 2764 1955 2846 ἀμφὶ
1983 2766 2054 2828 δὲ
2084 2763 2231 2847 Γαίῃ

306 2847 563 2925 ἱμείρων
611 2850 956 2930 φιλότητος
999 2850 1303 2927 ἐπέςχετο
1346 2850 1449 2913 καί
1492 2850 1559 2927 ῤ’
1602 2849 1906 2926 ἐτανύςθη

309 2932 550 3015 πάντῃ·
597 2933 635 2995 ὃ
680 2936 748 2996 δ’
790 2934 860 2997 ἐκ
903 2936 1164 3013 λοχεοῖο
1207 2933 1357 2996 πάις
1402 2933 1686 3011 ὠρέξατο
1729 2934 1889 3012 χειρὶ

313 3022 510 3098 ςκαιῇ,
554 3020 833 3099 δεξιτερῇ
879 3019 951 3081 δὲ
993 3018 1316 3095 πελώριον
1362 3016 1629 3096 ἔλλαβεν
1673 3016 1908 3095 ἅρπην,

251 3122 266 3135 ·
307 3078 551 3178 μάκρ’ὴν
582 3101 1087 3181 καρχαρόδοντα,
1119 3101 1315 3181 φίλου
1346 3102 1414 3164 δ’
1438 3100 1570 3163 ἀπὸ
1601 3102 1799 3177 μήδεα
1828 3098 2073 3177 πατρὸς
2132 3107 2236 3159 180

307 3182 659 3260 ἐςςυμένως
701 3185 912 3288 ᾔμηςε,
957 3185 1150 3247 πάλιν
1195 3186 1263 3247 δ’
1306 3184 1530 3262 ἔρριψε
1572 3184 1873 3263 φέρεςθαι

308 3265 615 3329 ἐξοπίςω·
658 3270 738 3331 τὰ
780 3270 894 3346 μὲν
935 3267 1012 3332 οὔ
1057 3288 1115 3331 τι
1147 3269 1373 3331 ἐτώςια
1418 3266 1657 3347 ἔκφυγε
1698 3266 1924 3344 χειρός.

435 3348 608 3411 ὅςςαι
649 3352 772 3429 γὰρ
817 3352 1195 3431 ῥαθάμιγγες
1239 3352 1586 3415 ἀπέςςυθεν
1631 3350 2047 3429 αἱματόεςςαι,

441 3548 494 3585 v.
531 3536 645 3586 160.
683 3534 964 3604 ἀχνυμένη
1107 3555 1162 3593 v.
1199 3542 1311 3591 178.
1350 3536 1567 3603 λοχέοιο
